1875 3214
591 97 736 132 LIBER.
761 98 804 134 ΙΙ.
852 98 954 135 ΟΑΡ.
982 102 1133 136 35-38.

1572 103 1656 144 177

75 218 120 252 ut
152 210 420 250 concesserim
453 208 556 260 apud
589 221 736 260 paucos
770 210 890 248 tacito
922 216 1010 249 voto
1039 211 1214 262 quietem
1241 224 1312 262 pro
1342 212 1552 266 discordia,
1584 214 1654 253 bo-

75 281 171 310 num
203 275 242 308 et
273 272 528 309 innocentem
560 269 782 319 principem
808 280 880 320 pro
907 271 1090 320 pessimis
1118 282 1162 309 ac
1188 270 1508 323 flagitiosissimis
1535 285 1652 325 expe-

74 331 209 382 titum,
241 330 295 369 ita
328 340 458 380 neque
490 327 711 380 Paulinum,
744 339 821 379 qua
853 328 1065 379 prudentia
1098 330 1184 381 fuit,
1217 342 1399 381 sperasse
1433 334 1650 384 corruptis·
1680 352 1724 385 10

74 390 174 429 simo
208 387 365 428 saeculo
397 392 547 427 tantam
579 386 685 438 vulgi
716 387 1028 426 moderationem
1061 400 1164 440 reor,
1197 396 1252 441 ut,
1286 392 1355 442 qui
1387 403 1524 441 pacem
1557 392 1652 432 belli

71 459 206 488 amore
250 447 523 498 turbaverant,
568 445 714 485 bellum
752 447 861 497 pacis
901 449 1064 486 caritate
1103 448 1368 501 deponerent,
1415 462 1544 502 neque
1584 457 1653 491 aut

72 508 272 547 exercitus
304 507 449 558 linguis
480 505 739 557 moribusque
772 506 954 545 dissonos
987 508 1027 545 in
1059 506 1167 546 hunc
1199 520 1437 548 consensum
1472 512 1651 561 potuisse

72 566 314 619 coalescere,
353 570 421 605 aut
457 565 607 616 legatos
646 577 691 604 ac
730 565 852 605 duces
890 578 1031 617 magna
1070 578 1116 605 ex
1155 572 1267 617 parte
1306 567 1422 607 luxus
1462 572 1650 620 egestatis

72 626 269 666 scelerum
314 625 391 665 sibi
435 626 617 664 conscios
663 625 742 663 nisi
779 625 973 676 pollutum
1014 625 1333 678 obstrictumque
1372 630 1525 667 meritis
1565 631 1648 669 suis
1677 649 1720 681 15

71 687 292 738 principem
324 696 523 737 passuros

190 745 312 785 Vetus
350 757 394 784 ac
428 745 506 782 iam
538 743 692 795 pridem
724 744 842 782 insita
874 743 1109 783 mortalibus
1141 747 1342 796 potentiae
1375 746 1520 798 cupido
1554 760 1645 787 cum
1661 758 1717 801 38

69 806 228 857 imperii
259 803 530 855 magnitudine
564 802 734 841 adolevit
767 804 997 856 erupitque3
1031 816 1119 843 nam
1152 804 1273 859 rebus
1304 805 1471 845 modicis
1505 819 1646 859 aequa-

69 863 158 903 litas
196 864 310 903 facile
348 862 580 902 habebatur.
638 862 707 901 sed
748 861 816 901 ubi
855 862 1018 902 subacto
1058 863 1155 903 orbe
1194 870 1234 903 et
1272 865 1436 904 aemulis
1476 866 1646 906 urbibus

68 923 280 975 regibusve
319 923 483 962 excissis
522 934 685 961 securas
723 934 820 973 opes
858 924 1143 974 concupiscere
1182 936 1350 963 vacuum
1388 925 1480 977 fuit,
1518 927 1647 977 prima

68 985 344 1036 inter.patres
381 981 617 1034 plebemque
656 983 871 1020 certamina
912 994 1107 1021 exarsere.
1164 983 1281 1022 modo
1320 984 1541 1024 turbulenti
1575 987 1644 1025 tri·
1673 1006 1694 1038 5

66 1134 163 1169 iram
192 1132 267 1168 Gai
299 1133 467 1168 Caesaris
499 1132 649 1167 meritus
657 1146 670 1176 ;
702 1131 744 1167 G.
775 1135 818 1166 14

65 1182 222 1216 vulnera
251 1181 390 1217 mereri.
443 1179 490 1215 So
523 1179 639 1214 schon
671 1179 732 1213 bei
759 1178 818 1214 Ci-

67 1239 151 1264 cero
188 1229 331 1264 laudem
365 1228 494 1263 mereri
528 1226 628 1262 ‘Lob
666 1227 814 1261 ernten'

64 1275 142 1311 und
167 1276 230 1312 bei
250 1275 387 1311 Caesar
407 1275 532 1311 odium
556 1276 686 1310 mereri
709 1274 816 1309 ‘Hass

63 1323 225 1359 ernten'.

114 1380 147 1412 8.
185 1376 456 1422 ut—ita]s.
483 1377 593 1418 zuI,
622 1379 659 1420 6,
687 1379 743 1411 30.
772 1395 816 1401 —

64 1414 164 1460 Uber
198 1425 272 1460 den
298 1424 400 1460 Coni.
432 1423 650 1469 potentialis
682 1433 819 1459 conces-

64 1473 172 1508 serim
198 1484 226 1508 s.
253 1485 298 1507 zu
322 1471 350 1517 Ι,
377 1475 434 1516 83,
461 1475 516 1507 23.

115 1527 170 1562 12.
191 1526 368 1570 deponere
383 1524 596 1570 aufgeben,
611 1522 802 1569 beilegen’
809 1551 817 1567 ,

64 1572 162 1608 nach
187 1572 372 1618 Analogie
397 1583 472 1607 von
499 1582 605 1607 arma
630 1572 816 1616 deponere.

115 1629 170 1660 13.
197 1625 378 1671 dissonos]
402 1625 458 1659 ‘so
485 1623 816 1670 ungleichartige'.

63 1671 150 1718 Vgl.
176 1672 257 1708 Liv.
283 1673 318 1716 I,
348 1676 402 1717 18,
431 1677 450 1707 3
488 1676 609 1718 qentes
648 1673 817 1708 dissonas

62 1731 223 1756 sermone
235 1721 483 1766 moribusque;
503 1718 600 1762 XXI,
613 1723 669 1763 32,
684 1723 727 1754 10
746 1720 816 1754 lin-

61 1778 138 1813 qua
161 1769 391 1813 moribusque
410 1768 658 1810 abhorrentis;
684 1767 816 1812 XXXI,

62 1818 119 1860 29,
149 1819 192 1850 12
225 1815 356 1862 linqua
387 1819 420 1850 et
451 1815 612 1850 moribus
643 1815 816 1858 discreti,-

63 1861 164 1898 Curt.
190 1861 254 1908 IV,
283 1867 341 1907 47,
373 1866 395 1897 4
431 1863 615 1898 discordes
652 1863 815 1898 moribus

61 1910 212 1956 linquis.

112 1960 167 1993 15.
200 1957 429 2003 obstrictum]
458 1956 735 2002 ‘verpflichtet,
771 1957 811 1992 in

61 2004 347 2051 Abhangigkeit
383 2005 574 2050 geraten’.
633 2005 686 2039 Zu
725 2004 811 2039 dem

62 2051 270 2088 Gedanken
305 2053 380 2097 vgl.
415 2051 561 2086 Ciceros
593 2052 811 2097 Ausspruch

60 2099 153 2135 iiber
161 2099 295 2135 Casars
303 2098 589 2145 Abhangigkeit
600 2110 673 2134 von
685 2100 810 2135 seinen

62 2147 219 2193 eigenen
237 2147 546 2192 Parteigenossen
566 2146 632 2192 (ad
647 2147 732 2181 fam.
751 2147 811 2191 IV,

61 2198 94 2238 9,
115 2196 170 2240 3);
196 2196 313 2230 multa
338 2195 469 2230 victori
494 2205 616 2230 eorum
643 2195 810 2239 arbitrio,

55 2253 124 2288 per
143 2254 232 2288 quos
249 2243 349 2286 vicit,
376 2243 484 2278 etiam
503 2243 619 2277 invito
640 2243 813 2285 facienda

59 2293 156 2326 sunt.

110 2341 165 2373 16.
191 2338 383 2384 passuros]
411 2348 460 2372 sc.
486 2337 620 2381 fuisse,
651 2337 813 2372 welcher

60 2384 224 2421 Infinitiv
238 2385 277 2420 in
291 2386 363 2420 den
374 2386 468 2421 Ann.
485 2384 691 2420 siebenmal
705 2385 810 2420 fehlt..

61 2431 96 2467 S.
116 2432 333 2478 Nipperdey
353 2445 398 2468 zu
418 2434 460 2468 A.
481 2432 527 2477 ΙΙ,
550 2436 605 2467 31.
634 2432 810 2477 Draeger,

60 2479 165 2524 Synt.
185 2484 205 2523 ξ
225 2485 282 2525 36,
303 2493 347 2517 c..

107 2598 171 2634 38.
206 2604 237 2634 1.
270 2603 371 2635 vetus
402 2611 445 2634 ac
476 2600 551 2634 iam
583 2599 724 2642 pridem
750 2599 807 2633 in-

58 2646 148 2693 sita]
181 2646 372 2682 Gantrelle
403 2647 479 2692 vgh
507 2648 593 2692 Agr.
623 2650 667 2680 14
698 2649 810 2681 vetere

59 2703 103 2729 ac
127 2697 203 2729 iam
223 2695 368 2738 pridem
392 2698 545 2739 recepta.

108 2751 141 2782 2.
161 2758 218 2783 res
233 2747 499 2782 ‘Besitzstand’
518 2747 617 2781 (lanu
634 2745 806 2788 ‘Macht’3

58 2795 134 2839 vgl.
161 2794 195 2839 Ι,
227 2799 271 2829 21
309 2796 489 2830 transitus
526 2805 667 2836 rerum;
705 2805 734 2829 c.
762 2797 806 2828 29

59 2851 116 2876 res
139 2843 218 2877 sine
243 2843 428 2878 discordia
453 2842 674 2883 translatas;
700 2840 762 2883 111,
786 2845 805 2875 2

57 2888 237 2934 impulsas
264 2890 403 2925 Vitellii
436 2900 492 2924 res
530 2890 704 2932 audietis3
743 2888 806 2933 IV,

130 2955 241 2981 TAcux
260 2963 343 2982 msr.
363 2957 386 2983 1.

894 1136 950 1168 61.
972 1136 1028 1167 66.
1056 1132 1166 1176 Verg.
1187 1132 1279 1168 Aen.
1301 1133 1369 1176 ΙΠ,
1403 1138 1420 1168 1
1448 1139 1645 1180 postquam

892 1191 947 1215 res
966 1180 1080 1215 Asiae
1099 1180 1312 1235 Priamique
1337 1186 1487 1217 evertere
1505 1187 1645 1229 yentem

891 1228 1108 1263 immeritam
1140 1229 1260 1263 visum
1294 1231 1457 1273 superis;
1497 1231 1569 1274 ΙΠ,
1597 1235 1643 1266 54

890 1286 946 1310 res
960 1276 1269 1321 Ayamemnonias
1285 1277 1523 1323 victriciaque
1537 1289 1643 1314 arma

890 1326 1042 1359 secutus.

939 1375 970 1405 3.
998 1371 1127 1405 habere
1155 1370 1379 1415 ‘einhaltem
1412 1373 1643 1416 bewahreu’,

893 1417 1312 1463 eigt1.‘handhaben’;
1346 1420 1419 1465 ng
1447 1419 1535 1455 Sall.
1564 1421 1643 1457 Cat.

893 1446 951 1499 370
954 1469 1088 1511 eyestas
1107 1466 1218 1507 facile
1232 1467 1385 1502 habetwr
1397 1468 1476 1502 sine
1489 1469 1645 1514 damno;

892 1511 970 1548 Liv
997 1512 1127 1556 XXIV,
1155 1516 1211 1558 25,
1239 1517 1260 1549 8
1295 1515 1516 1552 libertatem.
1557 1528 1645 1552 ,nec

891 1571 1028 1595 sumere
1065 1561 1202 1596 modice
1238 1573 1303 1596 nec
1339 1563 1468 1598 habere
1502 1565 1644 1608 sciunt;

892 1607 935 1642 H.
957 1607 1019 1651 ΙΠ,
1040 1612 1085 1643 86
1112 1609 1312 1645 amicitias.
1354 1612 1502 1646 .meruit
1526 1613 1644 1657 maqis

891 1666 1000 1699 quam
1031 1657 1170 1691 habuit.
1204 1677 1251 1682 —
1286 1639 1403 1692 Unter
1427 1659 1534 1694 urbes
1560 1659 1645 1694 sind

891 1703 1025 1738 liberae
1057 1704 1221 1739 civitates
1253 1717 1297 1739 zu
1328 1706 1542 1750 verstehen,
1575 1719 1644 1742 vor

891 1750 990 1785 allen
1006 1750 1207 1797 Carthago,
1228 1752 1446 1797 Numantia,
1475 1753 1641 1798 Corinth,

889 1797 960 1832 mit
984 1809 1082 1843 reyes
1106 1798 1349 1834 Monarchien
1376 1800 1551 1844 gemeint.
1597 1783 1641 1837 ΙΠ,

888 1845 1026 1881 betreff
1043 1847 1106 1881 des
1127 1847 1342 1882 Ausdrucks
1361 1848 1436 1893 Vgl.
1459 1848 1564 1884 Dem.
1580 1849 1636 1886 Ol.

888 1892 922 1927 ΙΙ
947 1896 967 1935 ξ
993 1897 1035 1927 21
1071 1893 1137 1928 καὶ
1172 1894 1245 1929 τῶν
1280 1893 1428 1930 πόλεων
1464 1895 1529 1930 καὶ
1563 1897 1639 1931 τῶν

886 1938 1094 1983 τυράννων.

934 1992 966 2022 4.
1001 1989 1166 2035 excissis]
1195 1989 1382 2034 ‘vertilgt,
1409 1990 1637 2027 vernichtet'

886 2037 979 2071 statt
1017 2036 1082 2071 des
1120 2036 1319 2072 handschr
1360 2039 1499 2073 excisis
1551 2039 1639 2085 Vgl.

886 2083 957 2118 den
982 2084 1068 2118 krit.
1096 2084 1268 2130 Anhang.

932 2142 1088 2166 vacuum
1120 2132 1264 2177 fuit]‘
1274 2143 1361 2166 man
1395 2132 1484 2168 freie
1517 2134 1638 2177 Hand,

884 2177 1001 2213 freien
1030 2177 1238 2223 Spielraum
1264 2180 1399 2215 hatte’.
1439 2180 1523 2226 Vgl.
1547 2182 1637 2218 Sall.

885 2225 972 2260 hist.
994 2225 1072 2261 Ifr.
1099 2230 1141 2260 12
1169 2227 1239 2270 (ed.
1261 2226 1340 2270 ΚΓ)
1362 2231 1556 2272 postquam
1582 2241 1637 2264 re

886 2277 979 2308 moto
1005 2278 1100 2309 metu
1129 2274 1274 2309 Punico
1305 2277 1507 2311 simultates
1538 2288 1635 2312 exer-

887 2331 962 2355 cere
987 2332 1142 2356 vacuum
1166 2322 1253 2364 fuit,
1273 2323 1472 2367 plurumae
1495 2325 1636 2368 turbae,

884 2369 1077 2403 seditiones
1115 2372 1147 2403 et
1190 2370 1239 2404 ad
1279 2373 1500 2414 postremum
1543 2373 1636 2407 bella

885 2416 1011 2451 civilia
1043 2420 1124 2451 orta
1161 2420 1265 2459 sunt,
1303 2418 1390 2452 dum
1427 2420 1541 2463 pauci
1569 2431 1635 2464 po-

885 2467 1012 2506 tentes,
1044 2474 1198 2508 quorum
1222 2465 1262 2499 in
1289 2466 1449 2510 qratiam
1471 2467 1636 2512 plerique

884 2515 1148 2555 concesserant,
1192 2512 1257 2547 sub
1301 2513 1446 2548 honesto
1481 2518 1634 2558 patrum

883 2562 949 2592 aut
972 2559 1091 2603 plebis
1115 2561 1261 2594 nomine
1285 2560 1550 2597 dominationes
1576 2563 1633 2605 af-

881 2607 1076 2648 fectribant.

931 2657 962 2688 5.
984 2654 1187 2689 turbulenti
1205 2656 1364 2701 tribuni]
1390 2656 1458 2690 wie
1473 2656 1534 2690 Ti.
1557 2656 1633 2690 und.

883 2699 920 2735 C.
949 2700 1187 2746 Sempronius
1215 2702 1414 2746 Gracchus,
1442 2703 1480 2736 L.
1503 2704 1613 2748 Appu

881 2746 974 2782 leius
1005 2747 1224 2784 Saturninus
1250 2750 1346 2784 nach
1383 2750 1448 2784 der
1474 2750 1633 2785 Ansicht

882 2795 945 2830 des
974 2796 1138 2840 Tacitus,
1166 2797 1231 2832 der
1257 2799 1298 2833 A.
1327 2797 1389 2841 III,
1418 2801 1461 2831 27
1489 2797 1547 2831 die
1576 2808 1629 2832 er-

882 2843 1005 2877 steren
1023 2845 1092 2880 mit
1106 2844 1191 2879 dem
1205 2845 1383 2879 letzteren
1399 2854 1631 2880 zusammen-

880 2890 991 2927 wirft.

1299 2954 1341 2985 12
