1875 3214
581 132 727 169 LIBER
751 133 795 169 H.
841 132 944 169 CAP.
971 136 1122 169 81—83.

1553 130 1637 172 227

71 245 285 299 percoluit,
324 246 505 296 egregios
542 246 648 283 viros
680 249 720 283 et
759 255 849 282 mox
882 255 1033 282 summa
1066 243 1246 295 adeptos3
1292 242 1527 294 quibusdam
1560 242 1639 280 for-

71 312 166 346 tuna
198 317 270 356 pro
304 303 517 343 virtutibus
550 304 634 342 fuit.
694 302 921 341 donativum
953 302 1069 341 militi
1107 314 1235 353 neque
1277 300 1480 340 Mucianus
1514 303 1638 353 prima

72 364 256 404 contione
287 364 366 402 nisi
390 363 543 401 modice
577 362 821 413 ostenderat,
855 373 903 399 ne
936 360 1198 411 Vespasianus
1233 361 1391 412 quidem
1419 360 1508 411 plus
1534 360 1639 400 civili
1667 369 1711 401 10

71 422 174 463 bello
207 422 370 474 obtulit,
402 434 520 473 quam
547 421 612 460 alii
638 423 677 460 in
698 433 813 472 pace,
848 421 1004 471 egregie
1037 420 1175 458 firmus
1208 420 1398 458 adversus
1431 419 1640 458 militarem

70 482 319 533 largitionem
358 493 484 532 eoque
524 482 702 519 exercitu
741 479 892 518 melior.
944 480 1055 517 missi
1088 478 1134 517 ad
1173 478 1361 517 Parthum
1394 479 1640 517 Armenium—

71 553 148 593 que
180 540 297 591 legati
328 541 629 592 provisumque,
662 552 710 578 ne
744 539 870 577 versis
897 538 943 577 ad
971 537 1084 577 civile
1111 536 1257 576 bellum
1284 536 1505 588 legionibus
1531 542 1640 588 terga

70 599 329 639 nudarentur.
383 598 518 637 Titum
549 600 697 637 instare
731 598 914 649 Iudaeae,
947 596 1230 648 Vespasianum
1263 596 1442 635 obtinere
1470 596 1640 635 claustra

70 659 236 710 Aegypti
271 657 437 710 placuit:
482 658 666 696 sufficere
708 657 943 696 videbantur
982 656 1170 695 adversus
1210 654 1409 694 Vitellium
1448 667 1539 706 pars
1577 667 1639 694 co·
1669 663 1712 695 15

69 719 226 770 piarum
252 723 291 756 et
317 717 395 756 dux
423 715 630 755 Mucianus
657 722 697 755 et
725 716 954 767 Vespasiani
980 727 1123 754 nomen
1150 727 1194 754 ac
1221 714 1319 753 nihil
1345 714 1512 752 arduum
1540 714 1640 753 fatis.

71 777 118 816 ad
151 788 287 816 omnes
328 777 527 815 exereitus
572 775 801 827 legatosque
842 776 1012 826 scriptae
1057 773 1249 825 epistulae
1293 778 1642 825 praeceptumque,

70 842 115 876 ut
145 837 416 887 praetorianos
448 834 604 874 Vitellio
638 836 815 873 infensos
854 834 1135 885 reciperandae
1173 832 1336 872 militiae
1375 833 1550 884 praemio
1583 833 1641 870 in-

71 896 251 934 vitarent.

189 953 394 992 Mucianus
436 965 527 991 cum
571 952 753 1003 expedita
796 963 933 1004 manu,
977 953 1128 990 socium
1167 952 1290 1001 magis
1329 951 1485 1002 imperii
1524 962 1642 1001 quam
1657 947 1712 990 83

69 1013 296 1053 ministrum
328 1023 468 1064 agens,
510 1023 588 1050 non
621 1011 726 1050 lento
761 1012 921 1063 itinere,
961 1023 1009 1049 ne
1043 1012 1222 1049 cunctari
1254 1009 1474 1062 videretur,
1512 1022 1641 1060 neque

70 1078 202 1111 tamen
233 1083 452 1123 properans
485 1070 652 1122 gliscere
686 1071 827 1109 samam
862 1071 947 1121 ipso
982 1072 1107 1121 spatio
1142 1069 1313 1121 sinebat,
1346 1080 1491 1120 gnarus
1518 1069 1640 1107 modi-

70 1208 106 1243 d.
139 1208 174 1243 h.
201 1207 611 1243 Befehlshaberstellen
649 1207 710 1242 bei
748 1208 818 1242 den

70 1255 412 1300 Auxiliartruppen.

113 1302 458 1348 procurationibus]
491 1302 525 1337 d.
552 1303 574 1337 i.
602 1303 816 1347 procurato—

69 1362 152 1385 rum
162 1350 377 1385 muneribns
390 1352 427 1384 et
438 1349 579 1385 officiis.
589 1349 816 1393 Marquard'a

70 1401 162 1432 ro'm.
187 1396 425 1432 Staatsverw.
447 1397 480 1431 ΙΙ
496 1397 530 1432 S.
546 1401 625 1432 296.
655 1397 668 1431 Ι
686 1398 720 1431 S.
736 1401 816 1431 414.

118 1447 151 1480 8.
171 1445 352 1489 percolere
370 1444 582 1479 naehklass.
597 1444 656 1478 fiir
675 1455 816 1479 ornare.

116 1502 257 1527 summa
291 1491 372 1526 ‘der
401 1492 557 1527 hochste
584 1491 719 1535 Rang',
746 1492 816 1526 wie

70 1550 100 1574 e.
111 1542 166 1583 75,
177 1543 343 1574 'Isumma
356 1540 519 1574 militiae.
548 1538 721 1573 Gemeint
735 1539 817 1573 sind

70 1585 255 1622 Konsulat
279 1586 356 1621 und
383 1586 790 1621 Statthalterschaf‘cen.

117 1637 150 1668 9.
172 1644 245 1678 pro
269 1634 468 1669 virtutibus
492 1633 585 1679 fuit]
605 1644 652 1668 sc.
673 1633 710 1667 in
738 1633 817 1668 adi-

67 1681 254 1727 piscendis
279 1681 440 1723 honoris,
470 1681 642 1715 ‘etsetzte
668 1681 728 1715 die
748 1693 813 1725 gu-

69 1731 133 1764 ten
158 1727 478 1773 Eigenschaften'.

114 1786 230 1820 neque
260 1776 298 1810 in
334 1775 664 1820 ungewohnlicher
690 1775 815 1810 Weise

68 1824 178 1857 unter
216 1821 513 1866 Hervorhebung
551 1823 616 1857 des
661 1822 816 1857 zweiten

70 1869 219 1905 Gliedes
246 1870 316 1904 mit
340 1870 424 1905 dem
452 1870 688 1914 steigernden
713 1880 757 1904 ne
772 1890 814 1894 —

68 1917 211 1962 quidem
225 1917 473 1959 koordiniert3
489 1917 584 1952 nach
599 1917 816 1961 doppeltem

66 1975 180 2009 neque
205 1962 246 1998 G.
269 1967 300 1999 7.
321 1967 377 1998 44.
407 1963 479 1999 Cic.
501 1964 596 1998 Phil.
618 1963 669 1998 ΙΙΙ
691 1968 709 2006 ἓ
729 1967 760 1998 3.

118 2015 171 2047 10.
186 2011 322 2046 modice
336 2011 389 2045 ‘in
402 2010 671 2046 beschr'z'tnkter
681 2012 816 2054 Weise,

66 2059 105 2094 in
130 2058 322 2104 geringem
349 2057 494 2092 Masse’.

116 2111 169 2140 11.
203 2106 273 2140 alii
303 2107 345 2140 in
375 2105 485 2150 pace]
521 2105 589 2139 wie
627 2104 815 2147 Claudius,

68 2154 133 2189 der
154 2153 280 2198 jedem
298 2151 475 2187 Soldaten
498 2155 612 2186 15000
627 2151 815 2187 Sesterzen

67 2203 181 2246 (etwa
205 2203 299 2235 2500
326 2203 384 2243 AC)
417 2200 454 2234 in
481 2199 658 2233 Aussicht
691 2200 815 2234 stellte

67 2249 124 2292 (A.
147 2247 227 2292 XII,
247 2251 304 2282 41.
333 2247 434 2282 Suet.
463 2246 591 2281 Claud.
621 2249 689 2290 10),
717 2247 814 2282 Nero

66 2297 124 2341 (A.
150 2294 230 2338 XII,
258 2298 313 2330 69.
343 2294 490 2329 Cassius
517 2292 588 2328 Dio
616 2294 709 2337 LXI,
736 2295 783 2337 3).

112 2343 306 2378 militarem
326 2341 572 2387 larqitionem]
595 2340 813 2385 ‘Geldspen-

66 2389 138 2425 den
176 2401 222 2425 an
262 2389 469 2424 Soldaten'.
522 2389 597 2422 Das
631 2388 712 2433 Adj.
747 2387 812 2423 hat

65 2436 148 2472 Tac.
170 2437 269 2472 wohl
295 2437 492 2481 deswegen
519 2436 611 2469 statt
637 2435 701 2469 des
722 2435 810 2470 Gen.

67 2485 138 2520 obi.
161 2485 245 2529 (wie
269 2484 296 2528 I,
317 2488 362 2518 46
387 2484 490 2527 culgyi
515 2483 722 2527 laryitione)
748 2494 811 2527 ge-

65 2531 199 2574 within
235 2531 319 2565 weil
354 2531 511 2565 militum
547 2529 811 2575 doppelsinnig

66 2579 145 2614 sein
169 2579 312 2620 wiirde3
348 2579 484 2613 ebenso
511 2577 552 2610 A.
582 2576 645 2620 ΙΙΙ,
673 2581 716 2611 72
738 2589 810 2621 pu-

66 2627 197 2662 blicam
217 2626 446 2671 laryitionem
466 2626 559 2659 statt
582 2624 809 2668 laryitionem

66 2674 120 2708 rei
145 2673 336 2718 publicae;
368 2673 400 2715 Ι,
430 2676 472 2706 10
498 2672 721 2715 comparatio
753 2672 811 2706 de-

66 2721 215 2756 terrima
245 2722 339 2755 state
371 2719 594 2764 comparatio
630 2719 814 2753 deterrimi

66 2768 231 2803 hominis.

116 2818 169 2849 12.
197 2825 303 2859 eoque
316 2815 477 2849 exercitu
491 2813 632 2859 melior]
650 2813 718 2847 wie
734 2812 812 2847 Liv.

65 2861 161 2906 XXI,
188 2865 244 2906 47,
273 2866 289 2896 1
319 2861 480 2896 Poenum
505 2861 669 2905 equitatu
695 2861 811 2895 melio-

66 2919 139 2945 rem
164 2920 255 2952 esse;
280 2909 374 2954 Nep.
399 2907 502 2943 Eum.
531 2912 563 2952 3,
590 2912 610 2942 6
631 2908 811 2953 peditatu,

893 1218 963 1253 quo
988 1211 1065 1243 erat
1090 1207 1304 1251 (Eumenes)
1332 1207 1498 1243 deterior.
1543 1197 1642 1241 fiber

892 1266 931 1290 eo
958 1268 983 1289 s.
1012 1268 1055 1289 zu
1081 1254 1106 1298 I,
1135 1258 1191 1298 69,
1219 1259 1250 1289 6.

940 1303 1121 1337 Parthum
1134 1301 1435 1347 Armeniumque]
1452 1301 1516 1336 der
1537 1300 1639 1346 Sing.

893 1350 956 1384 des
964 1349 1236 1384 Volksnamens
1247 1348 1515 1392 kollektiv‚wie
1524 1348 1586 1391 III,
1596 1352 1641 1384 59

891 1401 1026 1432 erectus
1052 1397 1201 1431 Samnis
1227 1396 1494 1441 Paeliynusque
1519 1408 1552 1430 u.
1575 1400 1608 1431 ὅ.

943 1454 996 1484 14.
1018 1451 1179 1497 claustra
1199 1449 1374 1495 Aeyypti]
1392 1449 1466 1483 ‘die
1489 1448 1639 1484 Schliis-

892 1498 945 1533 sel
966 1509 1009 1531 zu
1023 1497 1213 1542 Agypten’
1228 1525 1236 1541 ‚
1258 1496 1424 1531 n'amlich
1444 1496 1503 1532 die
1519 1496 1641 1531 Land-

890 1545 966 1579 und
989 1544 1210 1589 Seefestung
1230 1544 1456 1578 Alexandria
1476 1544 1552 1578 und
1572 1543 1639 1578 Pe-

890 1592 1037 1626 lusium.
1074 1592 1120 1627 So
1142 1590 1186 1627 A.
1208 1591 1253 1634 II⁷
1275 1594 1318 1625 59
1340 1592 1502 1626 claustra
1522 1595 1641 1627 terrae

891 1650 933 1674 ae
964 1641 1098 1683 maris;
1130 1639 1229 1674 heim
1258 1638 1356 1673 Verf.
1384 1638 1448 1673 des
1473 1639 1506 1673 b.
1535 1639 1637 1673 Alex.

890 1690 934 1721 26
962 1690 1037 1722 tota
1062 1687 1251 1731 Aegyptus
1282 1687 1465 1721 maritimo
1497 1697 1640 1721 accessu

893 1734 1030 1776 Pharo,
1038 1734 1199 1778 pedestri
1208 1733 1353 1768 Pelusio
1364 1734 1459 1768 velut
1469 1734 1641 1768 claustris

890 1782 1033 1816 munita
1059 1781 1311 1825 eoeistimatur;
1336 1779 1412 1815 Liv.
1424 1779 1536 1824 XLV,
1554 1785 1606 1815 11.

942 1839 994 1869 16.
1021 1835 1116 1869 nihil
1137 1835 1295 1869 arduum
1315 1834 1422 1880 fatis]
1437 1835 1531 1868 stati:
1543 1835 1638 1878 qudo

889 1883 985 1916 nihil
1010 1883 1167 1917 arduum
1194 1885 1279 1916 esset
1309 1882 1416 1924 fatis,
1446 1881 1526 1916 ‘der
1555 1882 1638 1916 Um-

892 1928 1020 1972 stand,
1057 1928 1138 1963 dass
1170 1929 1254 1963 dem
1288 1927 1482 1963 Schicksal
1515 1929 1639 1963 nichts

893 1976 1188 2021 allzuschwierig
1204 1976 1251 2020 (d.
1266 1975 1288 2009 i.
1305 1976 1535 2020 unmoglich)
1556 1976 1639 2020 sei’,

893 2024 974 2058 eine
995 2023 1251 2067 Bmchylogie,
1273 2023 1334 2057 bei
1355 2022 1420 2057 der
1445 2023 1512 2057 das
1525 2022 1635 2058 Pron.

891 2071 1020 2105 Neutr.
1054 2071 1124 2105 mit
1157 2070 1276 2105 einem
1309 2069 1392 2114 Adj.
1427 2070 1486 2104 die
1521 2070 1637 2105 Stelle

891 2118 991 2153 eines
1011 2117 1355 2152 Substantivsatzes
1370 2117 1529 2152 vertritt.
1551 2117 1635 2162 Vgl.

891 2167 932 2199 A.
954 2165 1016 2207 ΙΙΙ,
1038 2169 1057 2199 9
1079 2165 1281 2199 celebritate
1307 2164 1377 2199 loci
1401 2165 1496 2199 nihil
1521 2166 1636 2200 oecul-

889 2216 965 2246 tum
997 2211 1110 2256 (‘dass
1143 2211 1204 2246 bei
1236 2212 1301 2246 der
1326 2210 1541 2246 Belebtheit
1571 2212 1637 2246 des

890 2259 975 2293 Orts
1001 2258 1107 2293 nicht
1132 2259 1341 2304 verborgen
1371 2258 1522 2304 blieb’);
1556 2259 1635 2302 XII,

890 2309 934 2340 35
971 2306 1064 2341 nihil
1101 2306 1178 2341 nisi
1208 2310 1316 2341 atroae
1351 2334 1357 2340 .
1385 2332 1392 2340 .
1422 2334 1427 2340 .
1462 2307 1636 2348 terrebat,-

890 2354 935 2388 H.
963 2353 1013 2396 ΙΙ,
1042 2357 1061 2387 5
1100 2356 1232 2388 cuncta
1265 2354 1455 2398 privatum
1491 2354 1636 2389 niodum

886 2411 1139 2445 superaresscu·
1178 2399 1245 2442 ΙΙΙ,
1273 2403 1318 2434 64
1357 2401 1480 2436 omnia
1513 2412 1635 2445 prona

886 2449 1102 2489 victoribus,·
1124 2447 1186 2491 IV,
1202 2451 1245 2482 68
1267 2451 1398 2483 cuneta
1418 2449 1458 2483 in
1478 2449 1634 2483 deterius

885 2496 1025 2530 audita.

935 2552 988 2583 18.
1024 2548 1283 2592 reciperandae
1317 2548 1488 2593 militiae]
1520 2547 1631 2582 Dativ

887 2595 951 2630 (les
971 2596 1144 2630 Zweckes
1171 2595 1258 2630 oder
1280 2594 1345 2628 der
1365 2595 1631 2639 Bestimmung.

888 2643 957 2677 Zur
985 2642 1102 2677 Saehe
1129 2643 1202 2688 vgl.
1231 2654 1260 2677 c.
1283 2646 1337 2677 67.

934 2760 995 2795 83.
1031 2764 1063 2794 2.
1099 2761 1235 2796 socium
1256 2781 1296 2785 ff
1320 2760 1443 2804 agyens]
1482 2759 1550 2794 wie
1587 2759 1629 2792 A.

887 2806 982 2851 XVI,
1009 2810 1053 2842 28
1080 2819 1183 2853 ayere
1209 2810 1415 2842 senatorem.

934 2865 965 2896 3.
992 2862 1072 2906 ipso
1097 2861 1233 2906 spatio]
1262 2860 1391 2894 ‘durch
1419 2859 1478 2893 die
1511 2858 1628 2894 blosse

887 2907 1119 2953 (raumliche)
1146 2907 1408 2952 Entfernung’.
1449 2907 1538 2941 Zum
1560 2906 1628 2941 Ge-

1275 2964 1344 3000 15*
