<?xml version="1.0" encoding="UTF-8"?>
<!DOCTYPE html PUBLIC "-//W3C//DTD XHTML 1.0 Transitional//EN"
    "http://www.w3.org/TR/xhtml1/DTD/xhtml1-transitional.dtd">
<html xmlns="http://www.w3.org/1999/xhtml" xml:lang="en" lang="en">
 <head>
  <title>
</title>
<meta http-equiv="Content-Type" content="text/html;charset=utf-8" />
  <meta name='ocr-system' content='tesseract 3.04.00' />
  <meta name='ocr-capabilities' content='ocr_page ocr_carea ocr_par ocr_line ocrx_word'/>
</head>
<body>
  <div class='ocr_page' id='page_1' title='image "./historiarumlibri0102taciuoft_0065.png"; bbox 0 0 1875 3214; ppageno 0'>
   <div class='ocr_carea' id='block_1_1' title="bbox 647 127 1173 164">
    <p class='ocr_par' dir='ltr' id='par_1_1' title="bbox 647 127 1173 164">
     <span class='ocr_line' id='line_1_1' title="bbox 647 127 1173 164; baseline 0.004 -3"><span class='ocrx_word' id='word_1_1' title='bbox 647 127 793 162; x_wconf 83' lang='lat' dir='ltr'>LIBER</span> <span class='ocrx_word' id='word_1_2' title='bbox 817 127 844 162; x_wconf 89' lang='grc' dir='ltr'>Ι.</span> <span class='ocrx_word' id='word_1_3' title='bbox 891 127 992 164; x_wconf 88' lang='lat' dir='ltr'>CAP.</span> <span class='ocrx_word' id='word_1_4' title='bbox 1020 131 1173 163; x_wconf 87' lang='lat'>29-30.</span> 
     </span>
    </p>
   </div>
   <div class='ocr_carea' id='block_1_2' title="bbox 1640 128 1697 169">
    <p class='ocr_par' dir='ltr' id='par_1_2' title="bbox 1640 128 1697 169">
     <span class='ocr_line' id='line_1_2' title="bbox 1640 128 1697 169; baseline 0 0"><span class='ocrx_word' id='word_1_5' title='bbox 1640 128 1697 169; x_wconf 84' lang='lat'>55</span> 
     </span>
    </p>
   </div>
   <div class='ocr_carea' id='block_1_3' title="bbox 117 237 1769 531">
    <p class='ocr_par' dir='ltr' id='par_1_3' title="bbox 117 237 1769 531">
     <span class='ocr_line' id='line_1_3' title="bbox 240 237 1769 292; baseline 0 -13"><span class='ocrx_word' id='word_1_6' title='bbox 240 237 361 279; x_wconf 69' lang='lat' dir='ltr'>‘Nihil</span> <span class='ocrx_word' id='word_1_7' title='bbox 405 239 602 291; x_wconf 83' lang='lat' dir='ltr'>adrogabo</span> <span class='ocrx_word' id='word_1_8' title='bbox 646 239 745 278; x_wconf 89' lang='lat' dir='ltr'>mihi</span> <span class='ocrx_word' id='word_1_9' title='bbox 782 238 1000 278; x_wconf 87' lang='lat' dir='ltr'>nobilitatis</span> <span class='ocrx_word' id='word_1_10' title='bbox 1039 245 1106 278; x_wconf 92' lang='lat' dir='ltr'>aut</span> <span class='ocrx_word' id='word_1_11' title='bbox 1143 239 1377 292; x_wconf 82' lang='lat' dir='ltr'>modestiae3</span> <span class='ocrx_word' id='word_1_12' title='bbox 1422 251 1553 290; x_wconf 89' lang='lat' dir='ltr'>neque</span> <span class='ocrx_word' id='word_1_13' title='bbox 1591 240 1698 278; x_wconf 90' lang='lat' dir='ltr'>enim</span> <span class='ocrx_word' id='word_1_14' title='bbox 1712 237 1769 279; x_wconf 88' lang='lat'>30</span> 
     </span>
     <span class='ocr_line' id='line_1_4' title="bbox 118 298 1697 351; baseline -0.002 -11"><span class='ocrx_word' id='word_1_15' title='bbox 118 300 246 340; x_wconf 83' lang='lat' dir='ltr'>relatu</span> <span class='ocrx_word' id='word_1_16' title='bbox 280 302 471 339; x_wconf 84' lang='lat' dir='ltr'>virtutum</span> <span class='ocrx_word' id='word_1_17' title='bbox 504 300 543 337; x_wconf 90' lang='lat' dir='ltr'>in</span> <span class='ocrx_word' id='word_1_18' title='bbox 578 300 915 350; x_wconf 73' lang='lat' dir='ltr'>comparationem</span> <span class='ocrx_word' id='word_1_19' title='bbox 947 298 1116 337; x_wconf 88' lang='lat' dir='ltr'>Othonis</span> <span class='ocrx_word' id='word_1_20' title='bbox 1150 311 1249 350; x_wconf 91' lang='lat' dir='ltr'>opus</span> <span class='ocrx_word' id='word_1_21' title='bbox 1284 304 1355 338; x_wconf 90' lang='lat' dir='ltr'>est.</span> <span class='ocrx_word' id='word_1_22' title='bbox 1406 300 1516 351; x_wconf 80' lang='lat' dir='ltr'>vitia,</span> <span class='ocrx_word' id='word_1_23' title='bbox 1551 298 1697 350; x_wconf 88' lang='lat' dir='ltr'>quibus</span> 
     </span>
     <span class='ocr_line' id='line_1_5' title="bbox 120 359 1696 410; baseline -0.001 -12"><span class='ocrx_word' id='word_1_24' title='bbox 120 359 215 399; x_wconf 91' lang='lat' dir='ltr'>solis</span> <span class='ocrx_word' id='word_1_25' title='bbox 247 359 457 410; x_wconf 82' lang='lat' dir='ltr'>gloriatur,</span> <span class='ocrx_word' id='word_1_26' title='bbox 491 365 670 398; x_wconf 85' lang='lat' dir='ltr'>evertere</span> <span class='ocrx_word' id='word_1_27' title='bbox 702 359 933 410; x_wconf 82' lang='lat' dir='ltr'>imperium,</span> <span class='ocrx_word' id='word_1_28' title='bbox 967 359 1085 397; x_wconf 83' lang='lat' dir='ltr'>etiam</span> <span class='ocrx_word' id='word_1_29' title='bbox 1118 370 1208 396; x_wconf 89' lang='lat' dir='ltr'>cum</span> <span class='ocrx_word' id='word_1_30' title='bbox 1242 360 1412 397; x_wconf 88' lang='lat' dir='ltr'>amicum</span> <span class='ocrx_word' id='word_1_31' title='bbox 1444 360 1696 410; x_wconf 88' lang='lat' dir='ltr'>imperatoris</span> 
     </span>
     <span class='ocr_line' id='line_1_6' title="bbox 117 417 1697 471; baseline -0.001 -13"><span class='ocrx_word' id='word_1_32' title='bbox 117 425 265 471; x_wconf 83' lang='lat' dir='ltr'>ageret.</span> <span class='ocrx_word' id='word_1_33' title='bbox 316 418 504 457; x_wconf 81' lang='lat' dir='ltr'>habitune</span> <span class='ocrx_word' id='word_1_34' title='bbox 537 424 575 457; x_wconf 91' lang='lat' dir='ltr'>et</span> <span class='ocrx_word' id='word_1_35' title='bbox 608 420 769 457; x_wconf 81' lang='lat' dir='ltr'>incessu</span> <span class='ocrx_word' id='word_1_36' title='bbox 801 430 850 456; x_wconf 89' lang='lat' dir='ltr'>an</span> <span class='ocrx_word' id='word_1_37' title='bbox 882 417 948 456; x_wconf 96' lang='lat' dir='ltr'>illo</span> <span class='ocrx_word' id='word_1_38' title='bbox 975 417 1161 456; x_wconf 83' lang='lat' dir='ltr'>muliebri</span> <span class='ocrx_word' id='word_1_39' title='bbox 1194 424 1338 456; x_wconf 84' lang='lat' dir='ltr'>ornatu</span> <span class='ocrx_word' id='word_1_40' title='bbox 1370 424 1595 457; x_wconf 86' lang='lat' dir='ltr'>mereretur</span> <span class='ocrx_word' id='word_1_41' title='bbox 1627 419 1697 456; x_wconf 90' lang='lat' dir='ltr'>im-</span> 
     </span>
     <span class='ocr_line' id='line_1_7' title="bbox 118 476 1743 531; baseline -0.001 -13"><span class='ocrx_word' id='word_1_42' title='bbox 118 476 304 531; x_wconf 81' lang='lat' dir='ltr'>perium?</span> <span class='ocrx_word' id='word_1_43' title='bbox 342 477 549 529; x_wconf 84' lang='lat' dir='ltr'>falluntur,</span> <span class='ocrx_word' id='word_1_44' title='bbox 583 477 729 529; x_wconf 87' lang='lat' dir='ltr'>quibus</span> <span class='ocrx_word' id='word_1_45' title='bbox 762 477 919 516; x_wconf 80' lang='lat' dir='ltr'>luxuria</span> <span class='ocrx_word' id='word_1_46' title='bbox 951 478 1083 528; x_wconf 90' lang='lat' dir='ltr'>specie</span> <span class='ocrx_word' id='word_1_47' title='bbox 1117 476 1364 516; x_wconf 80' lang='lat' dir='ltr'>liberalitatis</span> <span class='ocrx_word' id='word_1_48' title='bbox 1397 479 1569 529; x_wconf 86' lang='lat' dir='ltr'>inponit:</span> <span class='ocrx_word' id='word_1_49' title='bbox 1607 490 1695 529; x_wconf 88' lang='lat' dir='ltr'>per·</span> <span class='ocrx_word' id='word_1_50' title='bbox 1723 486 1743 517; x_wconf 85' lang='lat'>5</span> 
     </span>
    </p>
   </div>
   <div class='ocr_carea' id='block_1_4' title="bbox 119 537 871 590">
    <p class='ocr_par' dir='ltr' id='par_1_4' title="bbox 119 537 871 590">
     <span class='ocr_line' id='line_1_8' title="bbox 119 537 871 590; baseline -0.004 -12"><span class='ocrx_word' id='word_1_51' title='bbox 119 538 214 578; x_wconf 85' lang='lat' dir='ltr'>dere</span> <span class='ocrx_word' id='word_1_52' title='bbox 252 540 327 577; x_wconf 90' lang='lat' dir='ltr'>iste</span> <span class='ocrx_word' id='word_1_53' title='bbox 367 539 483 590; x_wconf 84' lang='lat' dir='ltr'>sciet,</span> <span class='ocrx_word' id='word_1_54' title='bbox 522 537 670 576; x_wconf 89' lang='lat' dir='ltr'>donare</span> <span class='ocrx_word' id='word_1_55' title='bbox 709 538 871 576; x_wconf 80' lang='lat' dir='ltr'>nesciet.</span> 
     </span>
    </p>
   </div>
   <div class='ocr_carea' id='block_1_5' title="bbox 935 539 1692 588">
    <p class='ocr_par' dir='ltr' id='par_1_5' title="bbox 935 539 1692 588">
     <span class='ocr_line' id='line_1_9' title="bbox 935 539 1692 588; baseline 0.001 -13"><span class='ocrx_word' id='word_1_56' title='bbox 935 542 1073 588; x_wconf 85' lang='lat' dir='ltr'>stupra</span> <span class='ocrx_word' id='word_1_57' title='bbox 1111 549 1218 576; x_wconf 90' lang='lat' dir='ltr'>nunc</span> <span class='ocrx_word' id='word_1_58' title='bbox 1252 543 1291 576; x_wconf 89' lang='lat' dir='ltr'>et</span> <span class='ocrx_word' id='word_1_59' title='bbox 1324 539 1625 576; x_wconf 85' lang='lat' dir='ltr'>comissationes</span> <span class='ocrx_word' id='word_1_60' title='bbox 1658 543 1692 576; x_wconf 77' lang='lat' dir='ltr'>et</span> 
     </span>
    </p>
   </div>
   <div class='ocr_carea' id='block_1_6' title="bbox 118 596 1697 769">
    <p class='ocr_par' dir='ltr' id='par_1_6' title="bbox 118 596 1697 769">
     <span class='ocr_line' id='line_1_10' title="bbox 119 596 1697 649; baseline -0.001 -12"><span class='ocrx_word' id='word_1_61' title='bbox 119 598 355 637; x_wconf 83' lang='lat' dir='ltr'>feminarum</span> <span class='ocrx_word' id='word_1_62' title='bbox 393 602 531 636; x_wconf 90' lang='lat' dir='ltr'>coetus</span> <span class='ocrx_word' id='word_1_63' title='bbox 570 597 690 635; x_wconf 74' lang='lat' dir='ltr'>volvit</span> <span class='ocrx_word' id='word_1_64' title='bbox 731 598 879 648; x_wconf 80' lang='lat' dir='ltr'>animo3</span> <span class='ocrx_word' id='word_1_65' title='bbox 923 596 1021 635; x_wconf 89' lang='lat' dir='ltr'>haec</span> <span class='ocrx_word' id='word_1_66' title='bbox 1064 598 1314 648; x_wconf 87' lang='lat' dir='ltr'>principatus</span> <span class='ocrx_word' id='word_1_67' title='bbox 1356 598 1531 648; x_wconf 85' lang='lat' dir='ltr'>praemia</span> <span class='ocrx_word' id='word_1_68' title='bbox 1572 603 1697 649; x_wconf 85' lang='lat' dir='ltr'>putat,</span> 
     </span>
     <span class='ocr_line' id='line_1_11' title="bbox 119 655 1697 709; baseline -0.001 -13"><span class='ocrx_word' id='word_1_69' title='bbox 119 669 290 709; x_wconf 89' lang='lat' dir='ltr'>quorum</span> <span class='ocrx_word' id='word_1_70' title='bbox 321 656 442 695; x_wconf 90' lang='lat' dir='ltr'>libido</span> <span class='ocrx_word' id='word_1_71' title='bbox 477 669 521 695; x_wconf 93' lang='lat' dir='ltr'>ac</span> <span class='ocrx_word' id='word_1_72' title='bbox 554 656 735 708; x_wconf 86' lang='lat' dir='ltr'>voluptas</span> <span class='ocrx_word' id='word_1_73' title='bbox 767 668 890 708; x_wconf 89' lang='lat' dir='ltr'>penes</span> <span class='ocrx_word' id='word_1_74' title='bbox 922 657 1053 707; x_wconf 90' lang='lat' dir='ltr'>ipsum</span> <span class='ocrx_word' id='word_1_75' title='bbox 1091 657 1158 708; x_wconf 82' lang='lat' dir='ltr'>sit,</span> <span class='ocrx_word' id='word_1_76' title='bbox 1191 655 1315 695; x_wconf 89' lang='lat' dir='ltr'>rubor</span> <span class='ocrx_word' id='word_1_77' title='bbox 1348 669 1391 695; x_wconf 91' lang='lat' dir='ltr'>ac</span> <span class='ocrx_word' id='word_1_78' title='bbox 1426 656 1599 695; x_wconf 88' lang='lat' dir='ltr'>dedecus</span> <span class='ocrx_word' id='word_1_79' title='bbox 1631 669 1697 707; x_wconf 90' lang='lat' dir='ltr'>pe-</span> 
     </span>
     <span class='ocr_line' id='line_1_12' title="bbox 118 715 1696 769; baseline -0.001 -14"><span class='ocrx_word' id='word_1_80' title='bbox 118 729 190 755; x_wconf 88' lang='lat' dir='ltr'>nes</span> <span class='ocrx_word' id='word_1_81' title='bbox 216 728 372 769; x_wconf 81' lang='lat' dir='ltr'>omnes3</span> <span class='ocrx_word' id='word_1_82' title='bbox 404 728 521 755; x_wconf 91' lang='lat' dir='ltr'>nemo</span> <span class='ocrx_word' id='word_1_83' title='bbox 548 717 653 755; x_wconf 89' lang='lat' dir='ltr'>enim</span> <span class='ocrx_word' id='word_1_84' title='bbox 680 728 869 767; x_wconf 88' lang='lat' dir='ltr'>umquam</span> <span class='ocrx_word' id='word_1_85' title='bbox 901 717 1114 766; x_wconf 85' lang='lat' dir='ltr'>imperium</span> <span class='ocrx_word' id='word_1_86' title='bbox 1146 715 1293 767; x_wconf 83' lang='lat' dir='ltr'>flagitio</span> <span class='ocrx_word' id='word_1_87' title='bbox 1325 718 1549 767; x_wconf 85' lang='lat' dir='ltr'>quaesitum</span> <span class='ocrx_word' id='word_1_88' title='bbox 1582 716 1696 755; x_wconf 89' lang='lat' dir='ltr'>bonis</span> 
     </span>
    </p>
   </div>
   <div class='ocr_carea' id='block_1_7' title="bbox 117 775 505 815">
    <p class='ocr_par' dir='ltr' id='par_1_7' title="bbox 117 775 505 815">
     <span class='ocr_line' id='line_1_13' title="bbox 117 775 505 815; baseline 0.003 -1"><span class='ocrx_word' id='word_1_89' title='bbox 117 775 270 815; x_wconf 87' lang='lat' dir='ltr'>artibus</span> <span class='ocrx_word' id='word_1_90' title='bbox 314 777 505 815; x_wconf 86' lang='lat' dir='ltr'>exercuit.</span> 
     </span>
    </p>
   </div>
   <div class='ocr_carea' id='block_1_8' title="bbox 116 835 1698 947">
    <p class='ocr_par' dir='ltr' id='par_1_8' title="bbox 116 835 1698 947">
     <span class='ocr_line' id='line_1_14' title="bbox 118 835 1698 886; baseline 0 -12"><span class='ocrx_word' id='word_1_91' title='bbox 118 835 461 874; x_wconf 81' lang='lat' dir='ltr'>consentientibus</span> <span class='ocrx_word' id='word_1_92' title='bbox 494 835 605 874; x_wconf 83' lang='lat' dir='ltr'>vobis</span> <span class='ocrx_word' id='word_1_93' title='bbox 633 835 840 874; x_wconf 87' lang='lat' dir='ltr'>Caesarem</span> <span class='ocrx_word' id='word_1_94' title='bbox 874 835 985 874; x_wconf 78' lang='lat' dir='ltr'>dixit.</span> <span class='ocrx_word' id='word_1_95' title='bbox 1037 836 1071 873; x_wconf 93' lang='lat' dir='ltr'>si</span> <span class='ocrx_word' id='word_1_96' title='bbox 1103 847 1167 874; x_wconf 89' lang='lat' dir='ltr'>res</span> <span class='ocrx_word' id='word_1_97' title='bbox 1200 835 1360 886; x_wconf 85' lang='lat' dir='ltr'>publica</span> <span class='ocrx_word' id='word_1_98' title='bbox 1393 841 1431 874; x_wconf 88' lang='lat' dir='ltr'>et</span> <span class='ocrx_word' id='word_1_99' title='bbox 1465 841 1626 874; x_wconf 89' lang='lat' dir='ltr'>senatus</span> <span class='ocrx_word' id='word_1_100' title='bbox 1658 841 1698 874; x_wconf 91' lang='lat' dir='ltr'>et</span> 
     </span>
     <span class='ocr_line' id='line_1_15' title="bbox 116 894 1697 947; baseline 0 -14"><span class='ocrx_word' id='word_1_101' title='bbox 116 894 289 946; x_wconf 88' lang='lat' dir='ltr'>populus</span> <span class='ocrx_word' id='word_1_102' title='bbox 321 907 441 934; x_wconf 85' lang='lat' dir='ltr'>vacua</span> <span class='ocrx_word' id='word_1_103' title='bbox 474 896 633 934; x_wconf 90' lang='lat' dir='ltr'>nomina</span> <span class='ocrx_word' id='word_1_104' title='bbox 661 900 771 947; x_wconf 83' lang='lat' dir='ltr'>sunt,</span> <span class='ocrx_word' id='word_1_105' title='bbox 803 900 952 947; x_wconf 83' lang='lat' dir='ltr'>vestra,</span> <span class='ocrx_word' id='word_1_106' title='bbox 985 895 1292 947; x_wconf 80' lang='lat' dir='ltr'>commilitones,</span> <span class='ocrx_word' id='word_1_107' title='bbox 1325 896 1512 947; x_wconf 86' lang='lat' dir='ltr'>interest,</span> <span class='ocrx_word' id='word_1_108' title='bbox 1545 907 1593 933; x_wconf 91' lang='lat' dir='ltr'>ne</span> <span class='ocrx_word' id='word_1_109' title='bbox 1626 896 1697 933; x_wconf 90' lang='lat' dir='ltr'>im-</span> 
     </span>
    </p>
   </div>
   <div class='ocr_carea' id='block_1_9' title="bbox 115 955 736 1006">
    <p class='ocr_par' dir='ltr' id='par_1_9' title="bbox 115 955 736 1006">
     <span class='ocr_line' id='line_1_16' title="bbox 115 955 736 1006; baseline 0.002 -13"><span class='ocrx_word' id='word_1_110' title='bbox 115 959 341 1006; x_wconf 87' lang='lat' dir='ltr'>peratorem</span> <span class='ocrx_word' id='word_1_111' title='bbox 377 955 543 1006; x_wconf 87' lang='lat' dir='ltr'>pessimi</span> <span class='ocrx_word' id='word_1_112' title='bbox 581 955 736 994; x_wconf 87' lang='lat' dir='ltr'>faciant.</span> 
     </span>
    </p>
   </div>
   <div class='ocr_carea' id='block_1_10' title="bbox 800 953 1696 1006">
    <p class='ocr_par' dir='ltr' id='par_1_10' title="bbox 800 953 1696 1006">
     <span class='ocr_line' id='line_1_17' title="bbox 800 953 1696 1006; baseline 0.002 -14"><span class='ocrx_word' id='word_1_113' title='bbox 800 953 1000 1006; x_wconf 85' lang='lat' dir='ltr'>legionum</span> <span class='ocrx_word' id='word_1_114' title='bbox 1040 954 1183 993; x_wconf 92' lang='lat' dir='ltr'>seditio</span> <span class='ocrx_word' id='word_1_115' title='bbox 1223 955 1413 994; x_wconf 84' lang='lat' dir='ltr'>adversus</span> <span class='ocrx_word' id='word_1_116' title='bbox 1447 955 1568 994; x_wconf 88' lang='lat' dir='ltr'>duces</span> <span class='ocrx_word' id='word_1_117' title='bbox 1602 967 1696 994; x_wconf 89' lang='lat' dir='ltr'>suos</span> 
     </span>
    </p>
   </div>
   <div class='ocr_carea' id='block_1_11' title="bbox 116 1013 1697 1126">
    <p class='ocr_par' dir='ltr' id='par_1_11' title="bbox 116 1013 1697 1126">
     <span class='ocr_line' id='line_1_18' title="bbox 116 1013 1697 1065; baseline 0.001 -13"><span class='ocrx_word' id='word_1_118' title='bbox 116 1014 249 1053; x_wconf 87' lang='lat' dir='ltr'>audita</span> <span class='ocrx_word' id='word_1_119' title='bbox 287 1019 348 1053; x_wconf 88' lang='lat' dir='ltr'>est</span> <span class='ocrx_word' id='word_1_120' title='bbox 385 1013 613 1065; x_wconf 90' lang='lat' dir='ltr'>aliquando:</span> <span class='ocrx_word' id='word_1_121' title='bbox 655 1019 786 1053; x_wconf 85' lang='lat' dir='ltr'>vestra</span> <span class='ocrx_word' id='word_1_122' title='bbox 824 1014 922 1053; x_wconf 88' lang='lat' dir='ltr'>fides</span> <span class='ocrx_word' id='word_1_123' title='bbox 961 1014 1141 1065; x_wconf 86' lang='lat' dir='ltr'>famaque</span> <span class='ocrx_word' id='word_1_124' title='bbox 1181 1014 1329 1053; x_wconf 85' lang='lat' dir='ltr'>inlaesa</span> <span class='ocrx_word' id='word_1_125' title='bbox 1367 1014 1413 1053; x_wconf 90' lang='lat' dir='ltr'>ad</span> <span class='ocrx_word' id='word_1_126' title='bbox 1451 1015 1557 1054; x_wconf 89' lang='lat' dir='ltr'>hunc</span> <span class='ocrx_word' id='word_1_127' title='bbox 1592 1014 1697 1053; x_wconf 89' lang='lat' dir='ltr'>diem</span> 
     </span>
     <span class='ocr_line' id='line_1_19' title="bbox 116 1073 1696 1126; baseline 0.001 -14"><span class='ocrx_word' id='word_1_128' title='bbox 116 1075 272 1113; x_wconf 87' lang='lat' dir='ltr'>mansit.</span> <span class='ocrx_word' id='word_1_129' title='bbox 318 1080 357 1113; x_wconf 89' lang='lat' dir='ltr'>et</span> <span class='ocrx_word' id='word_1_130' title='bbox 376 1073 479 1112; x_wconf 86' lang='lat' dir='ltr'>Nero</span> <span class='ocrx_word' id='word_1_131' title='bbox 508 1086 666 1125; x_wconf 91' lang='lat' dir='ltr'>quoque</span> <span class='ocrx_word' id='word_1_132' title='bbox 692 1086 762 1112; x_wconf 82' lang='lat' dir='ltr'>vos</span> <span class='ocrx_word' id='word_1_133' title='bbox 789 1073 982 1126; x_wconf 82' lang='lat' dir='ltr'>destituit,</span> <span class='ocrx_word' id='word_1_134' title='bbox 1015 1086 1094 1112; x_wconf 93' lang='lat' dir='ltr'>non</span> <span class='ocrx_word' id='word_1_135' title='bbox 1122 1086 1190 1112; x_wconf 78' lang='lat' dir='ltr'>vos</span> <span class='ocrx_word' id='word_1_136' title='bbox 1213 1073 1423 1113; x_wconf 87' lang='lat' dir='ltr'>Neronem.</span> <span class='ocrx_word' id='word_1_137' title='bbox 1469 1075 1602 1113; x_wconf 90' lang='lat' dir='ltr'>minus</span> <span class='ocrx_word' id='word_1_138' title='bbox 1627 1075 1696 1113; x_wconf 89' lang='lat' dir='ltr'>tri-</span> 
     </span>
    </p>
   </div>
   <div class='ocr_carea' id='block_1_12' title="bbox 111 1211 871 1687">
    <p class='ocr_par' dir='ltr' id='par_1_12' title="bbox 114 1211 869 1439">
     <span class='ocr_line' id='line_1_20' title="bbox 164 1211 868 1258; baseline 0.001 -12"><span class='ocrx_word' id='word_1_139' title='bbox 164 1211 229 1248; x_wconf 85' lang='lat'>30.</span> <span class='ocrx_word' id='word_1_140' title='bbox 258 1216 289 1246; x_wconf 92' lang='lat'>1.</span> <span class='ocrx_word' id='word_1_141' title='bbox 315 1213 496 1257; x_wconf 73' lang='lat' dir='ltr'>adroqare</span> <span class='ocrx_word' id='word_1_142' title='bbox 521 1212 591 1247; x_wconf 84' lang='lat' dir='ltr'>wie</span> <span class='ocrx_word' id='word_1_143' title='bbox 617 1212 663 1258; x_wconf 87' lang='grc' dir='ltr'>ΙΙ,</span> <span class='ocrx_word' id='word_1_144' title='bbox 690 1216 748 1255; x_wconf 84' lang='grc'>77,</span> <span class='ocrx_word' id='word_1_145' title='bbox 769 1217 786 1247; x_wconf 92' lang='grc'>1</span> <span class='ocrx_word' id='word_1_146' title='bbox 816 1212 868 1247; x_wconf 90' lang='lat' dir='ltr'>im</span> 
     </span>
     <span class='ocr_line' id='line_1_21' title="bbox 119 1258 868 1305; baseline 0.003 -12"><span class='ocrx_word' id='word_1_147' title='bbox 119 1258 233 1294; x_wconf 83' lang='lat' dir='ltr'>Sinne</span> <span class='ocrx_word' id='word_1_148' title='bbox 264 1271 338 1295; x_wconf 85' lang='lat' dir='ltr'>von</span> <span class='ocrx_word' id='word_1_149' title='bbox 373 1259 435 1295; x_wconf 75' lang='lat' dir='ltr'>‘in</span> <span class='ocrx_word' id='word_1_150' title='bbox 465 1260 663 1305; x_wconf 77' lang='lat' dir='ltr'>Anspruch</span> <span class='ocrx_word' id='word_1_151' title='bbox 695 1261 868 1303; x_wconf 87' lang='lat' dir='ltr'>nehmen‚</span> 
     </span>
     <span class='ocr_line' id='line_1_22' title="bbox 118 1307 869 1351; baseline 0.001 -10"><span class='ocrx_word' id='word_1_152' title='bbox 118 1307 272 1351; x_wconf 74' lang='lat' dir='ltr'>geltend</span> <span class='ocrx_word' id='word_1_153' title='bbox 290 1307 480 1351; x_wconf 80' lang='lat' dir='ltr'>machen’3</span> <span class='ocrx_word' id='word_1_154' title='bbox 510 1308 646 1343; x_wconf 90' lang='lat' dir='ltr'>ebenso</span> <span class='ocrx_word' id='word_1_155' title='bbox 671 1309 869 1344; x_wconf 79' lang='lat' dir='ltr'>adsciscere</span> 
     </span>
     <span class='ocr_line' id='line_1_23' title="bbox 116 1354 869 1400; baseline 0.004 -12"><span class='ocrx_word' id='word_1_156' title='bbox 116 1356 160 1389; x_wconf 85' lang='lat' dir='ltr'>A.</span> <span class='ocrx_word' id='word_1_157' title='bbox 186 1354 283 1399; x_wconf 84' lang='lat' dir='ltr'>XIV,</span> <span class='ocrx_word' id='word_1_158' title='bbox 310 1359 353 1390; x_wconf 84' lang='lat'>52</span> <span class='ocrx_word' id='word_1_159' title='bbox 387 1356 591 1400; x_wconf 76' lang='lat' dir='ltr'>eloquentia</span> <span class='ocrx_word' id='word_1_160' title='bbox 623 1357 767 1391; x_wconf 82' lang='lat' dir='ltr'>laudem</span> <span class='ocrx_word' id='word_1_161' title='bbox 800 1357 869 1391; x_wconf 89' lang='lat' dir='ltr'>uni</span> 
     </span>
     <span class='ocr_line' id='line_1_24' title="bbox 114 1403 422 1439; baseline 0.003 -2"><span class='ocrx_word' id='word_1_162' title='bbox 114 1403 189 1437; x_wconf 81' lang='lat' dir='ltr'>sibi</span> <span class='ocrx_word' id='word_1_163' title='bbox 213 1403 422 1439; x_wconf 79' lang='lat' dir='ltr'>adsciscere.</span> 
     </span>
    </p>

    <p class='ocr_par' dir='ltr' id='par_1_13' title="bbox 111 1450 871 1687">
     <span class='ocr_line' id='line_1_25' title="bbox 164 1450 867 1486; baseline 0 0"><span class='ocrx_word' id='word_1_164' title='bbox 164 1451 339 1486; x_wconf 81' lang='lat' dir='ltr'>modestia</span> <span class='ocrx_word' id='word_1_165' title='bbox 369 1450 453 1486; x_wconf 86' lang='lat' dir='ltr'>hier</span> <span class='ocrx_word' id='word_1_166' title='bbox 478 1450 531 1485; x_wconf 89' lang='lat' dir='ltr'>im</span> <span class='ocrx_word' id='word_1_167' title='bbox 558 1451 673 1486; x_wconf 82' lang='lat' dir='ltr'>Sinne</span> <span class='ocrx_word' id='word_1_168' title='bbox 697 1462 771 1486; x_wconf 88' lang='lat' dir='ltr'>von</span> <span class='ocrx_word' id='word_1_169' title='bbox 798 1463 867 1486; x_wconf 89' lang='grc' dir='ltr'>σω-</span> 
     </span>
     <span class='ocr_line' id='line_1_26' title="bbox 117 1495 868 1543; baseline 0.001 -11"><span class='ocrx_word' id='word_1_170' title='bbox 117 1495 307 1543; x_wconf 83' lang='grc' dir='ltr'>φροσύνη,</span> <span class='ocrx_word' id='word_1_171' title='bbox 337 1498 685 1543; x_wconf 74' lang='lat' dir='ltr'>‘Wohlverhalten‚</span> <span class='ocrx_word' id='word_1_172' title='bbox 717 1498 868 1534; x_wconf 81' lang='lat' dir='ltr'>Morali-</span> 
     </span>
     <span class='ocr_line' id='line_1_27' title="bbox 116 1544 871 1591; baseline 0.003 -12"><span class='ocrx_word' id='word_1_173' title='bbox 116 1545 205 1590; x_wconf 62' lang='lat' dir='ltr'>taff,</span> <span class='ocrx_word' id='word_1_174' title='bbox 221 1545 275 1580; x_wconf 89' lang='lat' dir='ltr'>im</span> <span class='ocrx_word' id='word_1_175' title='bbox 294 1544 502 1591; x_wconf 74' lang='lat' dir='ltr'>Gegensatz</span> <span class='ocrx_word' id='word_1_176' title='bbox 524 1558 606 1581; x_wconf 89' lang='lat' dir='ltr'>zum</span> <span class='ocrx_word' id='word_1_177' title='bbox 624 1546 871 1581; x_wconf 85' lang='lat' dir='ltr'>liederlichen</span> 
     </span>
     <span class='ocr_line' id='line_1_28' title="bbox 118 1592 871 1638; baseline 0 -10"><span class='ocrx_word' id='word_1_178' title='bbox 118 1592 247 1628; x_wconf 86' lang='lat' dir='ltr'>Leben</span> <span class='ocrx_word' id='word_1_179' title='bbox 273 1593 402 1630; x_wconf 82' lang='lat' dir='ltr'>Othos.</span> <span class='ocrx_word' id='word_1_180' title='bbox 439 1593 524 1638; x_wconf 79' lang='lat' dir='ltr'>Vgl.</span> <span class='ocrx_word' id='word_1_181' title='bbox 547 1606 576 1629; x_wconf 90' lang='lat' dir='ltr'>c.</span> <span class='ocrx_word' id='word_1_182' title='bbox 598 1597 642 1629; x_wconf 88' lang='grc'>83</span> <span class='ocrx_word' id='word_1_183' title='bbox 669 1605 745 1628; x_wconf 85' lang='grc'>11011</span> <span class='ocrx_word' id='word_1_184' title='bbox 767 1604 871 1638; x_wconf 74' lang='lat' dir='ltr'>posse</span> 
     </span>
     <span class='ocr_line' id='line_1_29' title="bbox 111 1641 869 1687; baseline 0.003 -13"><span class='ocrx_word' id='word_1_185' title='bbox 111 1641 370 1685; x_wconf 74' lang='lat' dir='ltr'>principatum</span> <span class='ocrx_word' id='word_1_186' title='bbox 407 1641 533 1676; x_wconf 81' lang='lat' dir='ltr'>scelere</span> <span class='ocrx_word' id='word_1_187' title='bbox 570 1643 773 1687; x_wconf 76' lang='lat' dir='ltr'>quaesitum</span> <span class='ocrx_word' id='word_1_188' title='bbox 811 1652 869 1676; x_wconf 86' lang='lat' dir='ltr'>su·</span> 
     </span>
    </p>
   </div>
   <div class='ocr_carea' id='block_1_13' title="bbox 120 1688 903 1734">
    <p class='ocr_par' dir='ltr' id='par_1_14' title="bbox 120 1688 903 1734">
     <span class='ocr_line' id='line_1_30' title="bbox 120 1688 903 1734; baseline 0.003 -12"><span class='ocrx_word' id='word_1_189' title='bbox 120 1688 198 1723; x_wconf 87' lang='lat' dir='ltr'>bita</span> <span class='ocrx_word' id='word_1_190' title='bbox 235 1689 412 1723; x_wconf 77' lang='lat' dir='ltr'>modestia</span> <span class='ocrx_word' id='word_1_191' title='bbox 449 1693 482 1723; x_wconf 84' lang='lat' dir='ltr'>et</span> <span class='ocrx_word' id='word_1_192' title='bbox 519 1691 650 1733; x_wconf 73' lang='lat' dir='ltr'>prisca</span> <span class='ocrx_word' id='word_1_193' title='bbox 689 1690 903 1734; x_wconf 63' lang='lat' dir='ltr'>yria-itate·</span> 
     </span>
    </p>
   </div>
   <div class='ocr_carea' id='block_1_14' title="bbox 81 1736 870 2968">
    <p class='ocr_par' dir='ltr' id='par_1_15' title="bbox 115 1736 671 1780">
     <span class='ocr_line' id='line_1_31' title="bbox 115 1736 671 1780; baseline 0.005 -11"><span class='ocrx_word' id='word_1_194' title='bbox 115 1736 289 1778; x_wconf 84' lang='lat' dir='ltr'>retineri;</span> <span class='ocrx_word' id='word_1_195' title='bbox 316 1747 343 1771; x_wconf 86' lang='lat' dir='ltr'>s.</span> <span class='ocrx_word' id='word_1_196' title='bbox 371 1749 415 1770; x_wconf 89' lang='lat' dir='ltr'>zu</span> <span class='ocrx_word' id='word_1_197' title='bbox 440 1737 502 1780; x_wconf 85' lang='grc' dir='ltr'>ΙΙΙ,</span> <span class='ocrx_word' id='word_1_198' title='bbox 531 1740 587 1780; x_wconf 87' lang='lat'>70,</span> <span class='ocrx_word' id='word_1_199' title='bbox 614 1740 671 1772; x_wconf 90' lang='lat'>22.</span> 
     </span>
    </p>

    <p class='ocr_par' dir='ltr' id='par_1_16' title="bbox 116 1782 869 1867">
     <span class='ocr_line' id='line_1_32' title="bbox 168 1782 869 1829; baseline 0.003 -12"><span class='ocrx_word' id='word_1_200' title='bbox 168 1786 199 1818; x_wconf 87' lang='lat'>2.</span> <span class='ocrx_word' id='word_1_201' title='bbox 235 1783 370 1829; x_wconf 84' lang='lat' dir='ltr'>relatu]</span> <span class='ocrx_word' id='word_1_202' title='bbox 398 1784 468 1819; x_wconf 89' lang='lat' dir='ltr'>wie</span> <span class='ocrx_word' id='word_1_203' title='bbox 495 1782 536 1818; x_wconf 84' lang='lat' dir='ltr'>G.</span> <span class='ocrx_word' id='word_1_204' title='bbox 565 1788 597 1828; x_wconf 90' lang='lat'>3,</span> <span class='ocrx_word' id='word_1_205' title='bbox 630 1784 731 1818; x_wconf 82' lang='lat' dir='ltr'>wohl</span> <span class='ocrx_word' id='word_1_206' title='bbox 762 1784 869 1820; x_wconf 79' lang='lat' dir='ltr'>nicht</span> 
     </span>
     <span class='ocr_line' id='line_1_33' title="bbox 116 1830 531 1867; baseline 0.007 -3"><span class='ocrx_word' id='word_1_207' title='bbox 116 1840 186 1864; x_wconf 88' lang='lat' dir='ltr'>vor</span> <span class='ocrx_word' id='word_1_208' title='bbox 212 1830 366 1866; x_wconf 81' lang='lat' dir='ltr'>Tacitus</span> <span class='ocrx_word' id='word_1_209' title='bbox 393 1831 531 1867; x_wconf 79' lang='lat' dir='ltr'>fiblich.</span> 
     </span>
    </p>

    <p class='ocr_par' dir='ltr' id='par_1_17' title="bbox 81 1879 870 2018">
     <span class='ocr_line' id='line_1_34' title="bbox 163 1879 869 1925; baseline 0.003 -13"><span class='ocrx_word' id='word_1_210' title='bbox 163 1879 205 1912; x_wconf 87' lang='lat' dir='ltr'>in</span> <span class='ocrx_word' id='word_1_211' title='bbox 237 1879 560 1925; x_wconf 78' lang='lat' dir='ltr'>comparationem]</span> <span class='ocrx_word' id='word_1_212' title='bbox 597 1879 701 1914; x_wconf 70' lang='lat' dir='ltr'>‘zum</span> <span class='ocrx_word' id='word_1_213' title='bbox 735 1879 869 1914; x_wconf 86' lang='lat' dir='ltr'>Zweck</span> 
     </span>
     <span class='ocr_line' id='line_1_35' title="bbox 81 1925 870 1972; baseline 0.003 -12"><span class='ocrx_word' id='word_1_214' title='bbox 81 1937 94 1944; x_wconf 86' lang='lat'><strong>·</strong></span> <span class='ocrx_word' id='word_1_215' title='bbox 115 1925 184 1960; x_wconf 86' lang='lat' dir='ltr'>der</span> <span class='ocrx_word' id='word_1_216' title='bbox 202 1925 512 1971; x_wconf 80' lang='lat' dir='ltr'>Vergleichung’,</span> <span class='ocrx_word' id='word_1_217' title='bbox 539 1926 609 1961; x_wconf 86' lang='lat' dir='ltr'>wie</span> <span class='ocrx_word' id='word_1_218' title='bbox 623 1928 712 1972; x_wconf 85' lang='lat' dir='ltr'>Agr.</span> <span class='ocrx_word' id='word_1_219' title='bbox 730 1931 774 1962; x_wconf 90' lang='lat'>10</span> <span class='ocrx_word' id='word_1_220' title='bbox 793 1938 870 1962; x_wconf 82' lang='grc'>11011</span> 
     </span>
     <span class='ocr_line' id='line_1_36' title="bbox 115 1973 681 2018; baseline 0 -10"><span class='ocrx_word' id='word_1_221' title='bbox 115 1973 158 2008; x_wconf 80' lang='lat' dir='ltr'>in</span> <span class='ocrx_word' id='word_1_222' title='bbox 184 1975 491 2018; x_wconf 77' lang='lat' dir='ltr'>comparationem</span> <span class='ocrx_word' id='word_1_223' title='bbox 515 1975 681 2017; x_wconf 77' lang='lat' dir='ltr'>referam.</span> 
     </span>
    </p>

    <p class='ocr_par' dir='ltr' id='par_1_18' title="bbox 116 2021 867 2104">
     <span class='ocr_line' id='line_1_37' title="bbox 164 2021 867 2066; baseline 0 -10"><span class='ocrx_word' id='word_1_224' title='bbox 164 2024 197 2056; x_wconf 91' lang='lat'>4.</span> <span class='ocrx_word' id='word_1_225' title='bbox 239 2032 343 2066; x_wconf 72' lang='lat' dir='ltr'>ayere</span> <span class='ocrx_word' id='word_1_226' title='bbox 380 2021 552 2066; x_wconf 79' lang='lat' dir='ltr'>‘spielen&#39;</span> <span class='ocrx_word' id='word_1_227' title='bbox 590 2022 660 2056; x_wconf 85' lang='lat' dir='ltr'>wie</span> <span class='ocrx_word' id='word_1_228' title='bbox 697 2021 758 2056; x_wconf 88' lang='lat' dir='ltr'>ein</span> <span class='ocrx_word' id='word_1_229' title='bbox 793 2021 867 2056; x_wconf 91' lang='grc' dir='ltr'>Κο-</span> 
     </span>
     <span class='ocr_line' id='line_1_38' title="bbox 116 2067 296 2104; baseline 0.011 -2"><span class='ocrx_word' id='word_1_230' title='bbox 116 2067 296 2104; x_wconf 70' lang='lat' dir='ltr'>modiant.</span> 
     </span>
    </p>

    <p class='ocr_par' dir='ltr' id='par_1_19' title="bbox 115 2115 870 2921">
     <span class='ocr_line' id='line_1_39' title="bbox 164 2115 868 2162; baseline 0 -11"><span class='ocrx_word' id='word_1_231' title='bbox 164 2120 360 2152; x_wconf 83' lang='lat' dir='ltr'>mereretur</span> <span class='ocrx_word' id='word_1_232' title='bbox 373 2116 584 2162; x_wconf 79' lang='lat' dir='ltr'>imperium]</span> <span class='ocrx_word' id='word_1_233' title='bbox 600 2115 868 2152; x_wconf 79' lang='lat' dir='ltr'>Coniunctivus</span> 
     </span>
     <span class='ocr_line' id='line_1_40' title="bbox 115 2163 869 2199; baseline 0 -1"><span class='ocrx_word' id='word_1_234' title='bbox 115 2163 351 2198; x_wconf 74' lang='lat' dir='ltr'>dubitativus</span> <span class='ocrx_word' id='word_1_235' title='bbox 381 2164 471 2198; x_wconf 88' lang='lat' dir='ltr'>oder</span> <span class='ocrx_word' id='word_1_236' title='bbox 504 2164 770 2199; x_wconf 71' lang='lat' dir='ltr'>deliberativas</span> <span class='ocrx_word' id='word_1_237' title='bbox 803 2164 869 2198; x_wconf 87' lang='lat' dir='ltr'>der</span> 
     </span>
     <span class='ocr_line' id='line_1_41' title="bbox 117 2210 868 2255; baseline 0.001 -11"><span class='ocrx_word' id='word_1_238' title='bbox 117 2210 428 2255; x_wconf 77' lang='lat' dir='ltr'>Vergangenheit</span> <span class='ocrx_word' id='word_1_239' title='bbox 458 2211 497 2245; x_wconf 86' lang='grc'>111</span> <span class='ocrx_word' id='word_1_240' title='bbox 529 2211 764 2246; x_wconf 82' lang='lat' dir='ltr'>zweifelnder</span> <span class='ocrx_word' id='word_1_241' title='bbox 792 2212 868 2246; x_wconf 88' lang='lat' dir='ltr'>und</span> 
     </span>
     <span class='ocr_line' id='line_1_42' title="bbox 120 2257 869 2304; baseline 0.001 -12"><span class='ocrx_word' id='word_1_242' title='bbox 120 2257 336 2302; x_wconf 86' lang='lat' dir='ltr'>unwilliger</span> <span class='ocrx_word' id='word_1_243' title='bbox 354 2258 475 2304; x_wconf 84' lang='lat' dir='ltr'>Frage</span> <span class='ocrx_word' id='word_1_244' title='bbox 500 2258 571 2293; x_wconf 78' lang='lat' dir='ltr'>mit</span> <span class='ocrx_word' id='word_1_245' title='bbox 597 2258 869 2294; x_wconf 81' lang='lat' dir='ltr'>ablehnendem</span> 
     </span>
     <span class='ocr_line' id='line_1_43' title="bbox 117 2305 867 2351; baseline -0.001 -9"><span class='ocrx_word' id='word_1_246' title='bbox 117 2306 208 2342; x_wconf 87' lang='lat' dir='ltr'>oder</span> <span class='ocrx_word' id='word_1_247' title='bbox 220 2305 552 2351; x_wconf 83' lang='lat' dir='ltr'>missbilligendem</span> <span class='ocrx_word' id='word_1_248' title='bbox 569 2305 693 2349; x_wconf 86' lang='lat' dir='ltr'>Sinne,</span> <span class='ocrx_word' id='word_1_249' title='bbox 708 2306 778 2341; x_wconf 80' lang='lat' dir='ltr'>wie</span> <span class='ocrx_word' id='word_1_250' title='bbox 794 2306 867 2341; x_wconf 84' lang='lat' dir='ltr'>Cic.</span> 
     </span>
     <span class='ocr_line' id='line_1_44' title="bbox 119 2352 868 2399; baseline 0 -11"><span class='ocrx_word' id='word_1_251' title='bbox 119 2352 168 2389; x_wconf 83' lang='lat' dir='ltr'>ad</span> <span class='ocrx_word' id='word_1_252' title='bbox 195 2353 238 2396; x_wconf 85' lang='lat' dir='ltr'>Q.</span> <span class='ocrx_word' id='word_1_253' title='bbox 263 2353 356 2398; x_wconf 80' lang='lat' dir='ltr'>fr.1‚</span> <span class='ocrx_word' id='word_1_254' title='bbox 381 2358 454 2397; x_wconf 90' lang='lat'>3,1</span> <span class='ocrx_word' id='word_1_255' title='bbox 482 2365 545 2399; x_wconf 97' lang='grc'>690</span> <span class='ocrx_word' id='word_1_256' title='bbox 570 2354 638 2388; x_wconf 84' lang='lat' dir='ltr'>tibi</span> <span class='ocrx_word' id='word_1_257' title='bbox 663 2355 855 2389; x_wconf 81' lang='lat' dir='ltr'>irascerer.</span> <span class='ocrx_word' id='word_1_258' title='bbox 850 2353 868 2379; x_wconf 75' lang='grc'><em>9</em></span> 
     </span>
     <span class='ocr_line' id='line_1_45' title="bbox 116 2400 868 2446; baseline -0.001 -10"><span class='ocrx_word' id='word_1_259' title='bbox 116 2401 188 2436; x_wconf 84' lang='lat' dir='ltr'>tibi</span> <span class='ocrx_word' id='word_1_260' title='bbox 211 2412 274 2446; x_wconf 90' lang='grc'>690</span> <span class='ocrx_word' id='word_1_261' title='bbox 293 2412 437 2446; x_wconf 78' lang='lat' dir='ltr'>possem</span> <span class='ocrx_word' id='word_1_262' title='bbox 461 2400 602 2437; x_wconf 70' lang='lat' dir='ltr'>irasci?</span> <span class='ocrx_word' id='word_1_263' title='bbox 629 2412 663 2446; x_wconf 90' lang='lat' dir='ltr'>p.</span> <span class='ocrx_word' id='word_1_264' title='bbox 681 2401 775 2438; x_wconf 75' lang='lat' dir='ltr'>Sest.</span> <span class='ocrx_word' id='word_1_265' title='bbox 790 2405 868 2443; x_wconf 71' lang='lat'>§42</span> 
     </span>
     <span class='ocr_line' id='line_1_46' title="bbox 117 2448 869 2494; baseline 0.001 -11"><span class='ocrx_word' id='word_1_266' title='bbox 117 2448 206 2483; x_wconf 75' lang='lat' dir='ltr'>haec</span> <span class='ocrx_word' id='word_1_267' title='bbox 230 2460 312 2484; x_wconf 86' lang='lat' dir='ltr'>cum</span> <span class='ocrx_word' id='word_1_268' title='bbox 330 2449 498 2491; x_wconf 79' lang='lat' dir='ltr'>viderem,</span> <span class='ocrx_word' id='word_1_269' title='bbox 524 2449 613 2493; x_wconf 78' lang='lat' dir='ltr'>quid</span> <span class='ocrx_word' id='word_1_270' title='bbox 633 2460 785 2494; x_wconf 73' lang='grc'>09616111,</span> <span class='ocrx_word' id='word_1_271' title='bbox 811 2449 869 2484; x_wconf 88' lang='lat' dir='ltr'>iu-</span> 
     </span>
     <span class='ocr_line' id='line_1_47' title="bbox 119 2495 869 2539; baseline 0 -8"><span class='ocrx_word' id='word_1_272' title='bbox 119 2495 244 2531; x_wconf 71' lang='lat' dir='ltr'>dices?</span> <span class='ocrx_word' id='word_1_273' title='bbox 269 2500 289 2539; x_wconf 65' lang='grc'>5</span> <span class='ocrx_word' id='word_1_274' title='bbox 309 2500 354 2531; x_wconf 84' lang='grc'>43</span> <span class='ocrx_word' id='word_1_275' title='bbox 381 2497 628 2532; x_wconf 78' lang='lat' dir='ltr'>contenderem</span> <span class='ocrx_word' id='word_1_276' title='bbox 654 2500 781 2531; x_wconf 79' lang='lat' dir='ltr'>contra</span> <span class='ocrx_word' id='word_1_277' title='bbox 804 2498 869 2532; x_wconf 88' lang='lat' dir='ltr'>tri-</span> 
     </span>
     <span class='ocr_line' id='line_1_48' title="bbox 119 2543 868 2589; baseline 0 -11"><span class='ocrx_word' id='word_1_278' title='bbox 119 2543 257 2578; x_wconf 84' lang='lat' dir='ltr'>bunum</span> <span class='ocrx_word' id='word_1_279' title='bbox 292 2545 342 2588; x_wconf 80' lang='lat' dir='ltr'>pl.</span> <span class='ocrx_word' id='word_1_280' title='bbox 376 2545 552 2589; x_wconf 75' lang='lat' dir='ltr'>privatus</span> <span class='ocrx_word' id='word_1_281' title='bbox 590 2543 733 2578; x_wconf 76' lang='lat' dir='ltr'>armis?</span> <span class='ocrx_word' id='word_1_282' title='bbox 783 2543 868 2588; x_wconf 83' lang='lat' dir='ltr'>Vgl.</span> 
     </span>
     <span class='ocr_line' id='line_1_49' title="bbox 115 2591 868 2636; baseline 0.001 -11"><span class='ocrx_word' id='word_1_283' title='bbox 115 2591 216 2626; x_wconf 86' lang='lat' dir='ltr'>noch</span> <span class='ocrx_word' id='word_1_284' title='bbox 242 2594 262 2633; x_wconf 67' lang='grc' dir='ltr'>ξ</span> <span class='ocrx_word' id='word_1_285' title='bbox 290 2595 346 2628; x_wconf 89' lang='lat'>27.</span> <span class='ocrx_word' id='word_1_286' title='bbox 385 2595 405 2634; x_wconf 62' lang='lat' dir='ltr'>g</span> <span class='ocrx_word' id='word_1_287' title='bbox 431 2595 487 2626; x_wconf 85' lang='lat'>89.</span> <span class='ocrx_word' id='word_1_288' title='bbox 527 2591 648 2626; x_wconf 77' lang='lat' dir='ltr'>Madv.</span> <span class='ocrx_word' id='word_1_289' title='bbox 677 2595 696 2633; x_wconf 65' lang='grc' dir='ltr'>ἓ</span> <span class='ocrx_word' id='word_1_290' title='bbox 722 2595 808 2636; x_wconf 70' lang='grc' dir='ltr'>4ῥ1,</span> <span class='ocrx_word' id='word_1_291' title='bbox 836 2602 868 2626; x_wconf 82' lang='lat' dir='ltr'>a.</span> 
     </span>
     <span class='ocr_line' id='line_1_50' title="bbox 118 2637 868 2685; baseline 0 -13"><span class='ocrx_word' id='word_1_292' title='bbox 118 2637 298 2683; x_wconf 83' lang='lat' dir='ltr'>Heraeus,</span> <span class='ocrx_word' id='word_1_293' title='bbox 310 2639 373 2674; x_wconf 71' lang='lat' dir='ltr'>lat.</span> <span class='ocrx_word' id='word_1_294' title='bbox 387 2638 555 2684; x_wconf 86' lang='lat' dir='ltr'>Schulgr.</span> <span class='ocrx_word' id='word_1_295' title='bbox 570 2644 587 2681; x_wconf 66' lang='grc' dir='ltr'>ξ</span> <span class='ocrx_word' id='word_1_296' title='bbox 603 2643 682 2685; x_wconf 44' lang='grc'>,1,76,</span> <span class='ocrx_word' id='word_1_297' title='bbox 694 2643 726 2673; x_wconf 88' lang='lat'>4.</span> <span class='ocrx_word' id='word_1_298' title='bbox 741 2637 868 2673; x_wconf 84' lang='lat' dir='ltr'>Ubers.</span> 
     </span>
     <span class='ocr_line' id='line_1_51' title="bbox 120 2685 870 2721; baseline 0.001 -2"><span class='ocrx_word' id='word_1_299' title='bbox 120 2685 248 2721; x_wconf 77' lang='lat' dir='ltr'>‘sollte</span> <span class='ocrx_word' id='word_1_300' title='bbox 274 2696 314 2720; x_wconf 86' lang='lat' dir='ltr'>er</span> <span class='ocrx_word' id='word_1_301' title='bbox 346 2687 464 2721; x_wconf 83' lang='lat' dir='ltr'>durch</span> <span class='ocrx_word' id='word_1_302' title='bbox 494 2686 574 2721; x_wconf 81' lang='lat' dir='ltr'>sein</span> <span class='ocrx_word' id='word_1_303' title='bbox 599 2685 774 2721; x_wconf 84' lang='lat' dir='ltr'>Ausseres</span> <span class='ocrx_word' id='word_1_304' title='bbox 793 2687 870 2720; x_wconf 87' lang='lat' dir='ltr'>und</span> 
     </span>
     <span class='ocr_line' id='line_1_52' title="bbox 122 2732 869 2777; baseline 0.001 -10"><span class='ocrx_word' id='word_1_305' title='bbox 122 2732 203 2767; x_wconf 86' lang='lat' dir='ltr'>sein</span> <span class='ocrx_word' id='word_1_306' title='bbox 240 2732 459 2777; x_wconf 79' lang='lat' dir='ltr'>Auftreten,</span> <span class='ocrx_word' id='word_1_307' title='bbox 499 2734 588 2769; x_wconf 87' lang='lat' dir='ltr'>oder</span> <span class='ocrx_word' id='word_1_308' title='bbox 626 2734 715 2768; x_wconf 83' lang='lat' dir='ltr'>aber</span> <span class='ocrx_word' id='word_1_309' title='bbox 752 2734 869 2768; x_wconf 88' lang='lat' dir='ltr'>durch</span> 
     </span>
     <span class='ocr_line' id='line_1_53' title="bbox 119 2778 870 2826; baseline 0.001 -12"><span class='ocrx_word' id='word_1_310' title='bbox 119 2778 250 2815; x_wconf 77' lang='lat' dir='ltr'>seinen</span> <span class='ocrx_word' id='word_1_311' title='bbox 274 2780 503 2816; x_wconf 77' lang='lat' dir='ltr'>weibischen</span> <span class='ocrx_word' id='word_1_312' title='bbox 527 2782 691 2826; x_wconf 80' lang='lat' dir='ltr'>Aufputz</span> <span class='ocrx_word' id='word_1_313' title='bbox 718 2781 778 2815; x_wconf 90' lang='lat' dir='ltr'>die</span> <span class='ocrx_word' id='word_1_314' title='bbox 799 2782 870 2816; x_wconf 84' lang='lat' dir='ltr'>Re-</span> 
     </span>
     <span class='ocr_line' id='line_1_54' title="bbox 119 2827 869 2872; baseline 0.003 -10"><span class='ocrx_word' id='word_1_315' title='bbox 119 2827 336 2872; x_wconf 76' lang='lat' dir='ltr'>gentschaft</span> <span class='ocrx_word' id='word_1_316' title='bbox 372 2828 544 2864; x_wconf 76' lang='lat' dir='ltr'>verdient</span> <span class='ocrx_word' id='word_1_317' title='bbox 578 2828 741 2863; x_wconf 83' lang='lat' dir='ltr'>haben&#39;?</span> <span class='ocrx_word' id='word_1_318' title='bbox 786 2828 869 2864; x_wconf 84' lang='lat' dir='ltr'>Aei-</span> 
     </span>
     <span class='ocr_line' id='line_1_55' title="bbox 116 2874 866 2921; baseline 0.001 -12"><span class='ocrx_word' id='word_1_319' title='bbox 116 2874 244 2910; x_wconf 81' lang='lat' dir='ltr'>dalius</span> <span class='ocrx_word' id='word_1_320' title='bbox 269 2875 402 2921; x_wconf 84' lang='lat' dir='ltr'>schlug</span> <span class='ocrx_word' id='word_1_321' title='bbox 427 2888 494 2912; x_wconf 87' lang='lat' dir='ltr'>vor</span> <span class='ocrx_word' id='word_1_322' title='bbox 517 2880 673 2911; x_wconf 83' lang='lat' dir='ltr'>meretur</span> <span class='ocrx_word' id='word_1_323' title='bbox 691 2888 735 2910; x_wconf 87' lang='lat' dir='ltr'>zu</span> <span class='ocrx_word' id='word_1_324' title='bbox 755 2875 866 2911; x_wconf 86' lang='lat' dir='ltr'>lesen.</span> 
     </span>
    </p>

    <p class='ocr_par' dir='ltr' id='par_1_20' title="bbox 166 2924 867 2968">
     <span class='ocr_line' id='line_1_56' title="bbox 166 2924 867 2968; baseline 0.004 -13"><span class='ocrx_word' id='word_1_325' title='bbox 166 2925 200 2956; x_wconf 82' lang='lat'>5.</span> <span class='ocrx_word' id='word_1_326' title='bbox 229 2924 362 2967; x_wconf 76' lang='lat' dir='ltr'>quibus</span> <span class='ocrx_word' id='word_1_327' title='bbox 387 2924 541 2959; x_wconf 68' lang='lat' dir='ltr'>luxuria</span> <span class='ocrx_word' id='word_1_328' title='bbox 565 2924 680 2968; x_wconf 77' lang='lat' dir='ltr'>specie</span> <span class='ocrx_word' id='word_1_329' title='bbox 706 2924 867 2958; x_wconf 77' lang='lat' dir='ltr'>liberali-</span> 
     </span>
    </p>
   </div>
   <div class='ocr_carea' id='block_1_15' title="bbox 941 1211 1699 2972">
    <p class='ocr_par' dir='ltr' id='par_1_21' title="bbox 941 1211 1698 1496">
     <span class='ocr_line' id='line_1_57' title="bbox 941 1211 1698 1267; baseline -0.001 -19"><span class='ocrx_word' id='word_1_330' title='bbox 941 1214 1030 1248; x_wconf 86' lang='lat' dir='ltr'>tatis</span> <span class='ocrx_word' id='word_1_331' title='bbox 1055 1212 1219 1258; x_wconf 72' lang='lat' dir='ltr'>inponit]</span> <span class='ocrx_word' id='word_1_332' title='bbox 1247 1212 1323 1257; x_wconf 84' lang='lat' dir='ltr'>vgl.</span> <span class='ocrx_word' id='word_1_333' title='bbox 1345 1211 1439 1248; x_wconf 87' lang='lat' dir='ltr'>Plin.</span> <span class='ocrx_word' id='word_1_334' title='bbox 1462 1223 1518 1267; x_wconf 89' lang='lat' dir='ltr'>ep.</span> <span class='ocrx_word' id='word_1_335' title='bbox 1540 1212 1586 1257; x_wconf 92' lang='grc' dir='ltr'>ΙΙ,</span> <span class='ocrx_word' id='word_1_336' title='bbox 1607 1217 1627 1248; x_wconf 89' lang='grc'>6</span> <span class='ocrx_word' id='word_1_337' title='bbox 1653 1224 1698 1247; x_wconf 83' lang='grc'>116</span> 
     </span>
     <span class='ocr_line' id='line_1_58' title="bbox 942 1261 1698 1315; baseline 0 -20"><span class='ocrx_word' id='word_1_338' title='bbox 942 1261 1022 1303; x_wconf 82' lang='lat' dir='ltr'>tibi,</span> <span class='ocrx_word' id='word_1_339' title='bbox 1043 1262 1199 1315; x_wconf 76' lang='lat' dir='ltr'>optimae</span> <span class='ocrx_word' id='word_1_340' title='bbox 1218 1261 1356 1295; x_wconf 79' lang='lat' dir='ltr'>indolis</span> <span class='ocrx_word' id='word_1_341' title='bbox 1378 1261 1515 1304; x_wconf 77' lang='lat' dir='ltr'>iuveni,</span> <span class='ocrx_word' id='word_1_342' title='bbox 1536 1271 1698 1314; x_wconf 78' lang='lat' dir='ltr'>quorun-</span> 
     </span>
     <span class='ocr_line' id='line_1_59' title="bbox 943 1309 1697 1352; baseline 0.001 -10"><span class='ocrx_word' id='word_1_343' title='bbox 943 1309 1028 1343; x_wconf 79' lang='lat' dir='ltr'>dam</span> <span class='ocrx_word' id='word_1_344' title='bbox 1059 1321 1101 1343; x_wconf 78' lang='lat' dir='ltr'>m</span> <span class='ocrx_word' id='word_1_345' title='bbox 1131 1319 1255 1343; x_wconf 85' lang='lat' dir='ltr'>mensa</span> <span class='ocrx_word' id='word_1_346' title='bbox 1287 1309 1443 1343; x_wconf 71' lang='lat' dir='ltr'>luxuria</span> <span class='ocrx_word' id='word_1_347' title='bbox 1476 1319 1517 1352; x_wconf 74' lang='lat' dir='ltr'>sp</span> <span class='ocrx_word' id='word_1_348' title='bbox 1505 1309 1593 1343; x_wconf 85' lang='grc'>6616</span> <span class='ocrx_word' id='word_1_349' title='bbox 1617 1309 1697 1351; x_wconf 83' lang='lat' dir='ltr'>fru-</span> 
     </span>
     <span class='ocr_line' id='line_1_60' title="bbox 941 1355 1697 1402; baseline -0.001 -11"><span class='ocrx_word' id='word_1_350' title='bbox 941 1357 1112 1402; x_wconf 73' lang='lat' dir='ltr'>yalitatis</span> <span class='ocrx_word' id='word_1_351' title='bbox 1130 1357 1309 1401; x_wconf 75' lang='lat' dir='ltr'>imponat.</span> <span class='ocrx_word' id='word_1_352' title='bbox 1335 1356 1383 1389; x_wconf 82' lang='lat' dir='ltr'>W</span> <span class='ocrx_word' id='word_1_353' title='bbox 1387 1355 1512 1391; x_wconf 83' lang='lat' dir='ltr'>elcher</span> <span class='ocrx_word' id='word_1_354' title='bbox 1530 1355 1697 1391; x_wconf 82' lang='lat' dir='ltr'>bekann-</span> 
     </span>
     <span class='ocr_line' id='line_1_61' title="bbox 942 1403 1694 1439; baseline 0.001 -1"><span class='ocrx_word' id='word_1_355' title='bbox 942 1406 1006 1438; x_wconf 79' lang='lat' dir='ltr'>ten</span> <span class='ocrx_word' id='word_1_356' title='bbox 1034 1403 1150 1439; x_wconf 85' lang='lat' dir='ltr'>Stelle</span> <span class='ocrx_word' id='word_1_357' title='bbox 1183 1414 1248 1438; x_wconf 83' lang='lat' dir='ltr'>aus</span> <span class='ocrx_word' id='word_1_358' title='bbox 1281 1404 1409 1438; x_wconf 79' lang='lat' dir='ltr'>Livius</span> <span class='ocrx_word' id='word_1_359' title='bbox 1442 1404 1492 1438; x_wconf 76' lang='lat' dir='ltr'>ist</span> <span class='ocrx_word' id='word_1_360' title='bbox 1525 1404 1592 1438; x_wconf 85' lang='lat' dir='ltr'>der</span> <span class='ocrx_word' id='word_1_361' title='bbox 1622 1403 1694 1439; x_wconf 87' lang='lat' dir='ltr'>fol-</span> 
     </span>
     <span class='ocr_line' id='line_1_62' title="bbox 943 1450 1496 1496; baseline 0 -10"><span class='ocrx_word' id='word_1_362' title='bbox 943 1451 1064 1496; x_wconf 85' lang='lat' dir='ltr'>gende</span> <span class='ocrx_word' id='word_1_363' title='bbox 1092 1451 1177 1486; x_wconf 81' lang='lat' dir='ltr'>Satz</span> <span class='ocrx_word' id='word_1_364' title='bbox 1202 1450 1496 1496; x_wconf 77' lang='lat' dir='ltr'>naehgebildet?</span> 
     </span>
    </p>

    <p class='ocr_par' dir='ltr' id='par_1_22' title="bbox 945 1498 1699 1582">
     <span class='ocr_line' id='line_1_63' title="bbox 993 1498 1699 1544; baseline 0 -10"><span class='ocrx_word' id='word_1_365' title='bbox 993 1503 1024 1534; x_wconf 92' lang='lat'>7.</span> <span class='ocrx_word' id='word_1_366' title='bbox 1057 1500 1280 1541; x_wconf 76' lang='lat' dir='ltr'>feminarum</span> <span class='ocrx_word' id='word_1_367' title='bbox 1309 1499 1442 1544; x_wconf 81' lang='lat' dir='ltr'>coetus]</span> <span class='ocrx_word' id='word_1_368' title='bbox 1475 1498 1699 1544; x_wconf 81' lang='lat' dir='ltr'>‘Frauenge—</span> 
     </span>
     <span class='ocr_line' id='line_1_64' title="bbox 945 1546 1214 1582; baseline -0.007 0"><span class='ocrx_word' id='word_1_369' title='bbox 945 1546 1214 1582; x_wconf 78' lang='lat' dir='ltr'>sellschaften’.</span> 
     </span>
    </p>

    <p class='ocr_par' dir='ltr' id='par_1_23' title="bbox 941 1593 1697 1878">
     <span class='ocr_line' id='line_1_65' title="bbox 991 1593 1695 1639; baseline 0.001 -11"><span class='ocrx_word' id='word_1_370' title='bbox 991 1595 1129 1629; x_wconf 79' lang='lat' dir='ltr'>volvere</span> <span class='ocrx_word' id='word_1_371' title='bbox 1155 1595 1278 1629; x_wconf 86' lang='lat' dir='ltr'>animo</span> <span class='ocrx_word' id='word_1_372' title='bbox 1308 1594 1375 1628; x_wconf 78' lang='lat' dir='ltr'>‘im</span> <span class='ocrx_word' id='word_1_373' title='bbox 1395 1593 1538 1628; x_wconf 75' lang='lat' dir='ltr'>Hei-zen</span> <span class='ocrx_word' id='word_1_374' title='bbox 1560 1594 1695 1639; x_wconf 86' lang='lat' dir='ltr'>hegen,</span> 
     </span>
     <span class='ocr_line' id='line_1_66' title="bbox 945 1641 1697 1687; baseline -0.001 -10"><span class='ocrx_word' id='word_1_375' title='bbox 945 1653 992 1677; x_wconf 80' lang='lat' dir='ltr'>an</span> <span class='ocrx_word' id='word_1_376' title='bbox 1013 1643 1129 1676; x_wconf 83' lang='lat' dir='ltr'>etwas</span> <span class='ocrx_word' id='word_1_377' title='bbox 1149 1641 1282 1676; x_wconf 84' lang='lat' dir='ltr'>immer</span> <span class='ocrx_word' id='word_1_378' title='bbox 1303 1641 1480 1684; x_wconf 84' lang='lat' dir='ltr'>denken’,</span> <span class='ocrx_word' id='word_1_379' title='bbox 1502 1642 1571 1676; x_wconf 82' lang='lat' dir='ltr'>wie</span> <span class='ocrx_word' id='word_1_380' title='bbox 1588 1642 1697 1687; x_wconf 87' lang='lat' dir='ltr'>Verg.</span> 
     </span>
     <span class='ocr_line' id='line_1_67' title="bbox 943 1689 1697 1734; baseline 0.001 -11"><span class='ocrx_word' id='word_1_381' title='bbox 943 1690 1035 1724; x_wconf 85' lang='lat' dir='ltr'>Aen.</span> <span class='ocrx_word' id='word_1_382' title='bbox 1051 1689 1112 1733; x_wconf 90' lang='lat' dir='ltr'>VI,</span> <span class='ocrx_word' id='word_1_383' title='bbox 1136 1693 1202 1724; x_wconf 83' lang='lat'>157</span> <span class='ocrx_word' id='word_1_384' title='bbox 1225 1700 1415 1734; x_wconf 76' lang='lat' dir='ltr'>caecosque</span> <span class='ocrx_word' id='word_1_385' title='bbox 1433 1690 1575 1724; x_wconf 73' lang='lat' dir='ltr'>volutat</span> <span class='ocrx_word' id='word_1_386' title='bbox 1597 1701 1697 1725; x_wconf 74' lang='lat' dir='ltr'>even-</span> 
     </span>
     <span class='ocr_line' id='line_1_68' title="bbox 943 1737 1697 1781; baseline 0 -9"><span class='ocrx_word' id='word_1_387' title='bbox 943 1741 1003 1772; x_wconf 87' lang='lat' dir='ltr'>tus</span> <span class='ocrx_word' id='word_1_388' title='bbox 1029 1738 1153 1772; x_wconf 82' lang='lat' dir='ltr'>animo</span> <span class='ocrx_word' id='word_1_389' title='bbox 1173 1748 1311 1779; x_wconf 87' lang='lat' dir='ltr'>secum,·</span> <span class='ocrx_word' id='word_1_390' title='bbox 1337 1737 1381 1771; x_wconf 91' lang='lat' dir='ltr'>H.</span> <span class='ocrx_word' id='word_1_391' title='bbox 1397 1737 1442 1781; x_wconf 88' lang='grc' dir='ltr'>ΙΙ,</span> <span class='ocrx_word' id='word_1_392' title='bbox 1456 1741 1513 1780; x_wconf 83' lang='grc'>49,</span> <span class='ocrx_word' id='word_1_393' title='bbox 1529 1741 1562 1772; x_wconf 90' lang='lat'>2.</span> <span class='ocrx_word' id='word_1_394' title='bbox 1592 1737 1697 1772; x_wconf 88' lang='lat' dir='ltr'>Ohne</span> 
     </span>
     <span class='ocr_line' id='line_1_69' title="bbox 943 1784 1696 1829; baseline 0 -9"><span class='ocrx_word' id='word_1_395' title='bbox 943 1786 1066 1820; x_wconf 77' lang='lat' dir='ltr'>animo</span> <span class='ocrx_word' id='word_1_396' title='bbox 1092 1784 1119 1828; x_wconf 88' lang='grc' dir='ltr'>Ι,</span> <span class='ocrx_word' id='word_1_397' title='bbox 1148 1788 1204 1829; x_wconf 82' lang='lat'>64,</span> <span class='ocrx_word' id='word_1_398' title='bbox 1233 1789 1264 1829; x_wconf 89' lang='lat'>3,</span> <span class='ocrx_word' id='word_1_399' title='bbox 1302 1795 1360 1819; x_wconf 83' lang='lat' dir='ltr'>wo</span> <span class='ocrx_word' id='word_1_400' title='bbox 1386 1795 1475 1819; x_wconf 84' lang='lat' dir='ltr'>man</span> <span class='ocrx_word' id='word_1_401' title='bbox 1501 1785 1561 1819; x_wconf 84' lang='lat' dir='ltr'>die</span> <span class='ocrx_word' id='word_1_402' title='bbox 1588 1786 1696 1820; x_wconf 87' lang='lat' dir='ltr'>Anm.</span> 
     </span>
     <span class='ocr_line' id='line_1_70' title="bbox 941 1831 1167 1878; baseline 0 -10"><span class='ocrx_word' id='word_1_403' title='bbox 941 1831 1167 1878; x_wconf 85' lang='lat' dir='ltr'>vergleiche.</span> 
     </span>
    </p>

    <p class='ocr_par' dir='ltr' id='par_1_24' title="bbox 991 1879 1696 1926">
     <span class='ocr_line' id='line_1_71' title="bbox 991 1879 1696 1926; baseline -0.001 -11"><span class='ocrx_word' id='word_1_404' title='bbox 991 1881 1275 1925; x_wconf 64' lang='grc'>8.]161163111311111</span> <span class='ocrx_word' id='word_1_405' title='bbox 1289 1880 1352 1926; x_wconf 78' lang='lat' dir='ltr'>sit]</span> <span class='ocrx_word' id='word_1_406' title='bbox 1367 1880 1462 1914; x_wconf 84' lang='lat' dir='ltr'>‘sein</span> <span class='ocrx_word' id='word_1_407' title='bbox 1472 1879 1601 1915; x_wconf 84' lang='lat' dir='ltr'>Anteil</span> <span class='ocrx_word' id='word_1_408' title='bbox 1613 1880 1696 1914; x_wconf 89' lang='lat' dir='ltr'>sei’.</span> 
     </span>
    </p>

    <p class='ocr_par' dir='ltr' id='par_1_25' title="bbox 942 1928 1697 2057">
     <span class='ocr_line' id='line_1_72' title="bbox 991 1928 1697 1972; baseline -0.001 -10"><span class='ocrx_word' id='word_1_409' title='bbox 991 1932 1022 1962; x_wconf 84' lang='lat'>9.</span> <span class='ocrx_word' id='word_1_410' title='bbox 1062 1929 1247 1972; x_wconf 73' lang='lat' dir='ltr'>flayitium</span> <span class='ocrx_word' id='word_1_411' title='bbox 1288 1928 1533 1962; x_wconf 77' lang='lat' dir='ltr'>‘entehrende</span> <span class='ocrx_word' id='word_1_412' title='bbox 1571 1928 1697 1962; x_wconf 83' lang='lat' dir='ltr'>Hand-</span> 
     </span>
     <span class='ocr_line' id='line_1_73' title="bbox 942 1974 1696 2020; baseline 0.003 -12"><span class='ocrx_word' id='word_1_413' title='bbox 942 1975 1046 2019; x_wconf 86' lang='lat' dir='ltr'>lung,</span> <span class='ocrx_word' id='word_1_414' title='bbox 1066 1974 1411 2018; x_wconf 81' lang='lat' dir='ltr'>Schurkenstreich‚</span> <span class='ocrx_word' id='word_1_415' title='bbox 1428 1974 1696 2020; x_wconf 77' lang='lat' dir='ltr'>Gemeinheit’,</span> 
     </span>
     <span class='ocr_line' id='line_1_74' title="bbox 942 2022 1628 2057; baseline -0.001 0"><span class='ocrx_word' id='word_1_416' title='bbox 942 2033 1017 2057; x_wconf 87' lang='lat' dir='ltr'>von</span> <span class='ocrx_word' id='word_1_417' title='bbox 1043 2023 1157 2057; x_wconf 81' lang='lat' dir='ltr'>scelus</span> <span class='ocrx_word' id='word_1_418' title='bbox 1184 2022 1226 2057; x_wconf 81' lang='lat' dir='ltr'>G.</span> <span class='ocrx_word' id='word_1_419' title='bbox 1256 2026 1300 2056; x_wconf 87' lang='lat'>12</span> <span class='ocrx_word' id='word_1_420' title='bbox 1329 2022 1628 2057; x_wconf 75' lang='lat' dir='ltr'>unterschjeden.</span> 
     </span>
    </p>

    <p class='ocr_par' dir='ltr' id='par_1_26' title="bbox 941 2069 1698 2256">
     <span class='ocr_line' id='line_1_75' title="bbox 991 2069 1696 2115; baseline 0 -10"><span class='ocrx_word' id='word_1_421' title='bbox 991 2074 1086 2105; x_wconf 88' lang='lat' dir='ltr'>artes</span> <span class='ocrx_word' id='word_1_422' title='bbox 1128 2069 1373 2113; x_wconf 77' lang='lat' dir='ltr'>‘Verfahren,</span> <span class='ocrx_word' id='word_1_423' title='bbox 1412 2070 1580 2113; x_wconf 74' lang='lat' dir='ltr'>Mitte1’3</span> <span class='ocrx_word' id='word_1_424' title='bbox 1619 2071 1696 2115; x_wconf 83' lang='lat' dir='ltr'>vgl.</span> 
     </span>
     <span class='ocr_line' id='line_1_76' title="bbox 943 2116 1698 2162; baseline 0.001 -11"><span class='ocrx_word' id='word_1_425' title='bbox 943 2128 972 2151; x_wconf 89' lang='lat' dir='ltr'>c.</span> <span class='ocrx_word' id='word_1_426' title='bbox 1003 2121 1058 2160; x_wconf 89' lang='lat'>17,</span> <span class='ocrx_word' id='word_1_427' title='bbox 1086 2121 1117 2152; x_wconf 82' lang='lat'>8.</span> <span class='ocrx_word' id='word_1_428' title='bbox 1156 2117 1244 2152; x_wconf 80' lang='lat' dir='ltr'>Sall.</span> <span class='ocrx_word' id='word_1_429' title='bbox 1273 2116 1352 2153; x_wconf 71' lang='lat' dir='ltr'>Cat.</span> <span class='ocrx_word' id='word_1_430' title='bbox 1381 2121 1421 2161; x_wconf 88' lang='lat'>2,</span> <span class='ocrx_word' id='word_1_431' title='bbox 1448 2121 1471 2151; x_wconf 81' lang='lat'>4</span> <span class='ocrx_word' id='word_1_432' title='bbox 1502 2119 1698 2162; x_wconf 77' lang='lat' dir='ltr'>imperium</span> 
     </span>
     <span class='ocr_line' id='line_1_77' title="bbox 941 2165 1697 2210; baseline 0.001 -11"><span class='ocrx_word' id='word_1_433' title='bbox 941 2165 1052 2208; x_wconf 76' lang='lat' dir='ltr'>facile</span> <span class='ocrx_word' id='word_1_434' title='bbox 1083 2166 1132 2199; x_wconf 83' lang='lat' dir='ltr'>iis</span> <span class='ocrx_word' id='word_1_435' title='bbox 1166 2166 1308 2200; x_wconf 80' lang='lat' dir='ltr'>artibus</span> <span class='ocrx_word' id='word_1_436' title='bbox 1339 2165 1530 2208; x_wconf 80' lang='lat' dir='ltr'>retinetur,</span> <span class='ocrx_word' id='word_1_437' title='bbox 1564 2166 1697 2210; x_wconf 75' lang='lat' dir='ltr'>quibus</span> 
     </span>
     <span class='ocr_line' id='line_1_78' title="bbox 941 2213 1311 2256; baseline 0.003 -10"><span class='ocrx_word' id='word_1_438' title='bbox 941 2213 1052 2247; x_wconf 79' lang='lat' dir='ltr'>initio</span> <span class='ocrx_word' id='word_1_439' title='bbox 1076 2216 1226 2256; x_wconf 80' lang='lat' dir='ltr'>partum</span> <span class='ocrx_word' id='word_1_440' title='bbox 1251 2217 1311 2247; x_wconf 86' lang='lat' dir='ltr'>est.</span> 
     </span>
    </p>

    <p class='ocr_par' dir='ltr' id='par_1_27' title="bbox 941 2259 1697 2437">
     <span class='ocr_line' id='line_1_79' title="bbox 992 2259 1695 2306; baseline 0.001 -12"><span class='ocrx_word' id='word_1_441' title='bbox 992 2264 1046 2295; x_wconf 89' lang='lat'>12.</span> <span class='ocrx_word' id='word_1_442' title='bbox 1068 2271 1186 2295; x_wconf 81' lang='lat' dir='ltr'>vacua</span> <span class='ocrx_word' id='word_1_443' title='bbox 1199 2260 1365 2306; x_wconf 78' lang='lat' dir='ltr'>nomina]</span> <span class='ocrx_word' id='word_1_444' title='bbox 1389 2259 1695 2304; x_wconf 76' lang='lat' dir='ltr'>‘nichtssagende</span> 
     </span>
     <span class='ocr_line' id='line_1_80' title="bbox 942 2306 1677 2353; baseline 0 -11"><span class='ocrx_word' id='word_1_445' title='bbox 942 2306 1104 2351; x_wconf 77' lang='lat' dir='ltr'>Namen,</span> <span class='ocrx_word' id='word_1_446' title='bbox 1137 2307 1235 2342; x_wconf 87' lang='lat' dir='ltr'>leere</span> <span class='ocrx_word' id='word_1_447' title='bbox 1262 2306 1376 2342; x_wconf 84' lang='lat' dir='ltr'>Titel’</span> <span class='ocrx_word' id='word_1_448' title='bbox 1413 2308 1507 2342; x_wconf 74' lang='lat' dir='ltr'>statt</span> <span class='ocrx_word' id='word_1_449' title='bbox 1540 2307 1604 2342; x_wconf 91' lang='lat' dir='ltr'>des</span> <span class='ocrx_word' id='word_1_450' title='bbox 1631 2319 1677 2353; x_wconf 85' lang='lat' dir='ltr'>ge</span> 
     </span>
     <span class='ocr_line' id='line_1_81' title="bbox 941 2355 1697 2400; baseline 0.001 -11"><span class='ocrx_word' id='word_1_451' title='bbox 941 2355 1181 2390; x_wconf 73' lang='lat' dir='ltr'>wohnlichen</span> <span class='ocrx_word' id='word_1_452' title='bbox 1206 2366 1305 2390; x_wconf 77' lang='lat' dir='ltr'>vana</span> <span class='ocrx_word' id='word_1_453' title='bbox 1330 2356 1503 2397; x_wconf 84' lang='lat' dir='ltr'>nomina;</span> <span class='ocrx_word' id='word_1_454' title='bbox 1528 2355 1603 2400; x_wconf 82' lang='lat' dir='ltr'>vgl.</span> <span class='ocrx_word' id='word_1_455' title='bbox 1632 2355 1697 2398; x_wconf 86' lang='lat' dir='ltr'>IV,</span> 
     </span>
     <span class='ocr_line' id='line_1_82' title="bbox 946 2403 1339 2437; baseline 0 0"><span class='ocrx_word' id='word_1_456' title='bbox 946 2406 990 2437; x_wconf 85' lang='lat'>14</span> <span class='ocrx_word' id='word_1_457' title='bbox 1017 2403 1152 2437; x_wconf 82' lang='lat' dir='ltr'>inania</span> <span class='ocrx_word' id='word_1_458' title='bbox 1177 2403 1339 2437; x_wconf 85' lang='lat' dir='ltr'>nomina.</span> 
     </span>
    </p>

    <p class='ocr_par' dir='ltr' id='par_1_28' title="bbox 944 2450 1695 2542">
     <span class='ocr_line' id='line_1_83' title="bbox 990 2450 1695 2495; baseline 0.003 -11"><span class='ocrx_word' id='word_1_459' title='bbox 990 2450 1049 2495; x_wconf 79' lang='lat' dir='ltr'>ne]</span> <span class='ocrx_word' id='word_1_460' title='bbox 1087 2451 1181 2485; x_wconf 77' lang='lat' dir='ltr'>statt-</span> <span class='ocrx_word' id='word_1_461' title='bbox 1214 2454 1256 2484; x_wconf 90' lang='lat' dir='ltr'>ut</span> <span class='ocrx_word' id='word_1_462' title='bbox 1289 2461 1364 2485; x_wconf 81' lang='lat' dir='ltr'>non</span> <span class='ocrx_word' id='word_1_463' title='bbox 1401 2451 1498 2486; x_wconf 81' lang='lat' dir='ltr'>nach</span> <span class='ocrx_word' id='word_1_464' title='bbox 1536 2452 1695 2494; x_wconf 77' lang='lat' dir='ltr'>interest,</span> 
     </span>
     <span class='ocr_line' id='line_1_84' title="bbox 944 2497 1455 2542; baseline 0.004 -11"><span class='ocrx_word' id='word_1_465' title='bbox 944 2497 1014 2532; x_wconf 83' lang='lat' dir='ltr'>wie</span> <span class='ocrx_word' id='word_1_466' title='bbox 1041 2497 1197 2533; x_wconf 83' lang='lat' dir='ltr'>Phaedr.</span> <span class='ocrx_word' id='word_1_467' title='bbox 1224 2497 1287 2542; x_wconf 90' lang='lat' dir='ltr'>IV,</span> <span class='ocrx_word' id='word_1_468' title='bbox 1315 2501 1371 2540; x_wconf 90' lang='lat'>24,</span> <span class='ocrx_word' id='word_1_469' title='bbox 1399 2503 1455 2533; x_wconf 91' lang='grc'>26.</span> 
     </span>
    </p>

    <p class='ocr_par' dir='ltr' id='par_1_29' title="bbox 943 2546 1696 2733">
     <span class='ocr_line' id='line_1_85' title="bbox 995 2546 1695 2592; baseline 0.001 -13"><span class='ocrx_word' id='word_1_470' title='bbox 995 2549 1048 2580; x_wconf 87' lang='lat'>14.</span> <span class='ocrx_word' id='word_1_471' title='bbox 1085 2546 1302 2592; x_wconf 75' lang='lat' dir='ltr'>aliquando]</span> <span class='ocrx_word' id='word_1_472' title='bbox 1332 2546 1446 2587; x_wconf 74' lang='lat' dir='ltr'>‘daun</span> <span class='ocrx_word' id='word_1_473' title='bbox 1472 2546 1548 2581; x_wconf 90' lang='lat' dir='ltr'>und</span> <span class='ocrx_word' id='word_1_474' title='bbox 1574 2557 1695 2588; x_wconf 81' lang='lat' dir='ltr'>wann,</span> 
     </span>
     <span class='ocr_line' id='line_1_86' title="bbox 943 2593 1695 2637; baseline 0.003 -12"><span class='ocrx_word' id='word_1_475' title='bbox 943 2593 1045 2628; x_wconf 87' lang='lat' dir='ltr'>wohl</span> <span class='ocrx_word' id='word_1_476' title='bbox 1057 2593 1224 2636; x_wconf 83' lang='lat' dir='ltr'>einmal’,</span> <span class='ocrx_word' id='word_1_477' title='bbox 1234 2594 1304 2628; x_wconf 85' lang='lat' dir='ltr'>wie</span> <span class='ocrx_word' id='word_1_478' title='bbox 1314 2593 1357 2636; x_wconf 92' lang='grc' dir='ltr'>ΙΙ,</span> <span class='ocrx_word' id='word_1_479' title='bbox 1367 2597 1423 2637; x_wconf 90' lang='grc'>32,</span> <span class='ocrx_word' id='word_1_480' title='bbox 1436 2598 1488 2629; x_wconf 88' lang='lat'>17.</span> <span class='ocrx_word' id='word_1_481' title='bbox 1502 2595 1544 2627; x_wconf 67' lang='lat' dir='ltr'>A.</span> <span class='ocrx_word' id='word_1_482' title='bbox 1555 2593 1652 2637; x_wconf 86' lang='lat' dir='ltr'>XIII,</span> <span class='ocrx_word' id='word_1_483' title='bbox 1662 2597 1695 2630; x_wconf 89' lang='lat'>3.</span> 
     </span>
     <span class='ocr_line' id='line_1_87' title="bbox 946 2639 1696 2683; baseline 0.003 -10"><span class='ocrx_word' id='word_1_484' title='bbox 946 2639 1019 2675; x_wconf 87' lang='lat' dir='ltr'>Cic.</span> <span class='ocrx_word' id='word_1_485' title='bbox 1048 2639 1093 2675; x_wconf 88' lang='lat' dir='ltr'>de</span> <span class='ocrx_word' id='word_1_486' title='bbox 1121 2639 1178 2675; x_wconf 86' lang='lat' dir='ltr'>off.</span> <span class='ocrx_word' id='word_1_487' title='bbox 1205 2640 1257 2675; x_wconf 87' lang='lat' dir='ltr'>III</span> <span class='ocrx_word' id='word_1_488' title='bbox 1284 2645 1303 2683; x_wconf 66' lang='grc' dir='ltr'>ξ</span> <span class='ocrx_word' id='word_1_489' title='bbox 1330 2646 1372 2676; x_wconf 88' lang='grc'>12</span> <span class='ocrx_word' id='word_1_490' title='bbox 1399 2642 1595 2676; x_wconf 80' lang='lat' dir='ltr'>utilitatem</span> <span class='ocrx_word' id='word_1_491' title='bbox 1627 2641 1696 2676; x_wconf 80' lang='lat' dir='ltr'>ali-</span> 
     </span>
     <span class='ocr_line' id='line_1_88' title="bbox 943 2689 1608 2733; baseline 0.002 -12"><span class='ocrx_word' id='word_1_492' title='bbox 943 2689 1091 2732; x_wconf 76' lang='lat' dir='ltr'>quando</span> <span class='ocrx_word' id='word_1_493' title='bbox 1117 2699 1197 2723; x_wconf 88' lang='lat' dir='ltr'>cum</span> <span class='ocrx_word' id='word_1_494' title='bbox 1223 2690 1406 2724; x_wconf 77' lang='lat' dir='ltr'>honestate</span> <span class='ocrx_word' id='word_1_495' title='bbox 1427 2699 1608 2733; x_wconf 69' lang='lat' dir='ltr'>puynare.</span> 
     </span>
    </p>

    <p class='ocr_par' dir='ltr' id='par_1_30' title="bbox 942 2735 1695 2924">
     <span class='ocr_line' id='line_1_89' title="bbox 993 2735 1695 2788; baseline 0 -19"><span class='ocrx_word' id='word_1_496' title='bbox 993 2739 1047 2770; x_wconf 86' lang='lat'>15.</span> <span class='ocrx_word' id='word_1_497' title='bbox 1078 2736 1128 2788; x_wconf 85' lang='lat' dir='ltr'>et]</span> <span class='ocrx_word' id='word_1_498' title='bbox 1162 2735 1401 2781; x_wconf 64' lang='lat' dir='ltr'>bestatigend</span> <span class='ocrx_word' id='word_1_499' title='bbox 1427 2735 1695 2780; x_wconf 68' lang='lat' dir='ltr'>(Nagelsbach,</span> 
     </span>
     <span class='ocr_line' id='line_1_90' title="bbox 942 2782 1695 2828; baseline -0.001 -11"><span class='ocrx_word' id='word_1_500' title='bbox 942 2783 1007 2818; x_wconf 78' lang='lat' dir='ltr'>lat</span> <span class='ocrx_word' id='word_1_501' title='bbox 1031 2782 1113 2818; x_wconf 82' lang='lat' dir='ltr'>Stil.</span> <span class='ocrx_word' id='word_1_502' title='bbox 1135 2787 1154 2825; x_wconf 64' lang='grc' dir='ltr'><strong><em>ξ</em></strong></span> <span class='ocrx_word' id='word_1_503' title='bbox 1178 2788 1255 2827; x_wconf 87' lang='grc'>192,</span> <span class='ocrx_word' id='word_1_504' title='bbox 1278 2787 1310 2827; x_wconf 90' lang='grc'>2,</span> <span class='ocrx_word' id='word_1_505' title='bbox 1333 2785 1387 2828; x_wconf 84' lang='lat' dir='ltr'>a),</span> <span class='ocrx_word' id='word_1_506' title='bbox 1424 2783 1570 2818; x_wconf 74' lang='lat' dir='ltr'>woiauf</span> <span class='ocrx_word' id='word_1_507' title='bbox 1598 2783 1695 2817; x_wconf 92' lang='lat' dir='ltr'>noch</span> 
     </span>
     <span class='ocr_line' id='line_1_91' title="bbox 942 2830 1692 2875; baseline -0.001 -10"><span class='ocrx_word' id='word_1_508' title='bbox 942 2841 1081 2875; x_wconf 76' lang='lat' dir='ltr'>quoque</span> <span class='ocrx_word' id='word_1_509' title='bbox 1115 2831 1231 2875; x_wconf 80' lang='lat' dir='ltr'>folgt,</span> <span class='ocrx_word' id='word_1_510' title='bbox 1268 2832 1336 2865; x_wconf 86' lang='lat' dir='ltr'>wie</span> <span class='ocrx_word' id='word_1_511' title='bbox 1363 2832 1406 2865; x_wconf 86' lang='lat' dir='ltr'>A.</span> <span class='ocrx_word' id='word_1_512' title='bbox 1434 2831 1496 2873; x_wconf 89' lang='lat' dir='ltr'>IV,</span> <span class='ocrx_word' id='word_1_513' title='bbox 1525 2834 1556 2867; x_wconf 88' lang='lat'>7.</span> <span class='ocrx_word' id='word_1_514' title='bbox 1593 2830 1692 2875; x_wconf 80' lang='lat' dir='ltr'>XIII,</span> 
     </span>
     <span class='ocr_line' id='line_1_92' title="bbox 943 2877 1571 2924; baseline 0 -12"><span class='ocrx_word' id='word_1_515' title='bbox 943 2881 998 2913; x_wconf 89' lang='lat'>55.</span> <span class='ocrx_word' id='word_1_516' title='bbox 1026 2882 1081 2913; x_wconf 84' lang='lat'>56.</span> <span class='ocrx_word' id='word_1_517' title='bbox 1110 2877 1287 2924; x_wconf 86' lang='lat' dir='ltr'>Draeger,</span> <span class='ocrx_word' id='word_1_518' title='bbox 1316 2878 1419 2923; x_wconf 75' lang='lat' dir='ltr'>synt.</span> <span class='ocrx_word' id='word_1_519' title='bbox 1445 2881 1464 2920; x_wconf 64' lang='grc' dir='ltr'>ἓ</span> <span class='ocrx_word' id='word_1_520' title='bbox 1493 2881 1571 2912; x_wconf 88' lang='grc'>121.</span> 
     </span>
    </p>

    <p class='ocr_par' dir='ltr' id='par_1_31' title="bbox 990 2917 1694 2972">
     <span class='ocr_line' id='line_1_93' title="bbox 990 2917 1694 2972; baseline 0.001 -13"><span class='ocrx_word' id='word_1_521' title='bbox 990 2936 1010 2959; x_wconf 88' lang='grc'>1</span> <span class='ocrx_word' id='word_1_522' title='bbox 1014 2936 1052 2960; x_wconf 89' lang='lat' dir='ltr'>os</span> <span class='ocrx_word' id='word_1_523' title='bbox 1065 2926 1210 2961; x_wconf 77' lang='lat' dir='ltr'>destituz</span> <span class='ocrx_word' id='word_1_524' title='bbox 1210 2926 1246 2972; x_wconf 91' lang='lat' dir='ltr'>t]</span> <span class='ocrx_word' id='word_1_525' title='bbox 1260 2925 1386 2960; x_wconf 88' lang='lat' dir='ltr'>indem</span> <span class='ocrx_word' id='word_1_526' title='bbox 1402 2936 1441 2960; x_wconf 89' lang='lat' dir='ltr'>er</span> <span class='ocrx_word' id='word_1_527' title='bbox 1455 2926 1552 2960; x_wconf 87' lang='lat' dir='ltr'>nach</span> <span class='ocrx_word' id='word_1_528' title='bbox 1566 2917 1694 2971; x_wconf 54' lang='lat' dir='ltr'>Aigyp-</span> 
     </span>
    </p>
   </div>
   <div class='ocr_carea' id='block_1_16' title="bbox 569 775 1769 828">
    <p class='ocr_par' dir='ltr' id='par_1_32' title="bbox 569 775 1769 828">
     <span class='ocr_line' id='line_1_94' title="bbox 569 775 1769 828; baseline 0 -14"><span class='ocrx_word' id='word_1_529' title='bbox 569 775 728 814; x_wconf 86' lang='lat' dir='ltr'>Galbam</span> <span class='ocrx_word' id='word_1_530' title='bbox 775 787 995 814; x_wconf 87' lang='lat' dir='ltr'>consensus</span> <span class='ocrx_word' id='word_1_531' title='bbox 1040 777 1199 826; x_wconf 85' lang='lat' dir='ltr'>generis</span> <span class='ocrx_word' id='word_1_532' title='bbox 1243 775 1422 828; x_wconf 85' lang='lat' dir='ltr'>humani,</span> <span class='ocrx_word' id='word_1_533' title='bbox 1468 788 1530 814; x_wconf 89' lang='lat' dir='ltr'>me</span> <span class='ocrx_word' id='word_1_534' title='bbox 1576 775 1697 814; x_wconf 87' lang='lat' dir='ltr'>Galba</span> <span class='ocrx_word' id='word_1_535' title='bbox 1725 784 1769 815; x_wconf 89' lang='lat'>10</span> 
     </span>
    </p>
   </div>
   <div class='ocr_carea' id='block_1_17' title="bbox 1726 1081 1768 1113">
    <p class='ocr_par' dir='ltr' id='par_1_33' title="bbox 1726 1081 1768 1113">
     <span class='ocr_line' id='line_1_95' title="bbox 1726 1081 1768 1113; baseline 0.024 -1"><span class='ocrx_word' id='word_1_536' title='bbox 1726 1081 1768 1113; x_wconf 85' lang='lat'>15</span> 
     </span>
    </p>
   </div>
  </div>
 </body>
</html>
