1875 3214
129 472 173 503 10

127 876 182 918 39

198 114 282 156 178

724 110 885 148 TACITI
910 108 1251 146 HISTORIARUM

196 225 296 265 huni
333 225 450 264 modo
490 223 674 263 consules
712 223 942 276 praevalidi,
987 228 1025 262 et
1062 224 1103 261 in
1141 220 1241 260 urbe
1280 232 1324 259 ac
1362 221 1447 259 foro
1485 225 1770 272 temptamenta

197 284 373 324 civilium
406 283 618 335 bellorum3
649 295 740 321 mox
774 295 794 321 e
826 282 940 334 plebe
974 283 1107 321 infima
1138 280 1178 319 C.
1210 279 1359 318 Marius
1391 285 1431 319 et
1462 279 1654 319 nobilium
1686 292 1769 319 sae-

197 345 384 383 vissimus
416 343 458 382 L.
493 342 600 381 Sulla
639 343 783 381 victam
822 343 941 381 armis
974 341 1197 380 libertatem
1229 340 1270 377 in
1302 338 1612 378 dominationem
1642 344 1768 378 verte-

198 408 304 442 runt.
354 409 443 455 post
475 414 575 453 quos
607 401 674 440 Cn.
707 401 919 452 Pompeius
953 400 1157 451 occultior,
1188 410 1268 437 non
1300 397 1451 451 melior,
1484 403 1523 437 et
1554 410 1769 450 numquam

200 468 338 514 postea
375 463 453 500 nisi
491 461 538 500 de
577 462 802 512 principatu
842 462 1076 512 quaesitum.
1134 470 1212 497 non
1245 457 1465 496 discessere
1497 456 1544 496 ab
1577 459 1698 496 armis
1729 459 1770 496 in

198 521 398 561 Pharsalia
435 533 480 560 ac
518 519 710 572 Philippis
749 521 894 559 civium
933 519 1127 570 legiones,
1166 516 1312 556 nedum
1345 516 1513 556 Othonis
1551 529 1596 556 ac
1627 516 1773 556 Vitellii

199 583 398 620 exercitus
444 586 584 631 sponte
630 580 801 631 posituri
844 578 992 617 bellum
1030 578 1196 617 fuerint:
1243 576 1381 615 eadem
1418 576 1506 615 illos
1544 576 1663 615 deum
1700 577 1772 629 ira,

198 640 336 679 eadem
379 639 584 678 hominum
633 639 781 691 rabies,
827 637 988 677 eaedem
1033 636 1229 676 scelerum
1273 647 1414 675 causae
1452 637 1494 674 in
1533 635 1773 674 discordiam

200 711 329 751 egere.
388 698 492 750 quod
538 698 704 749 singulis
749 697 856 736 velut
900 696 1047 736 ictibus
1093 701 1290 735 transacta
1328 701 1421 734 sunt
1458 694 1577 747 bella,
1622 695 1774 746 ignavia

130 767 173 799 15
200 760 428 811 principum
460 759 607 798 sactum
640 762 711 796 est.
762 757 831 795 sed
864 769 926 795 me
961 762 1139 795 veterum
1170 766 1444 806 novorumque
1474 766 1629 793 morum
1655 765 1773 805 repu-

200 820 296 858 tatio
329 818 485 868 longius
518 817 624 856 tulit:
657 828 763 855 nunc
797 816 844 854 ad
876 828 1012 855 rerum
1045 815 1224 853 ordinem
1257 814 1388 852 redeo.

319 877 501 916 Profecto
537 875 751 915 Brixellum
777 875 932 915 Othone
964 875 1091 913 honor
1124 874 1283 925 imperii
1313 885 1436 924 penes
1463 872 1663 911 Titianum
1698 871 1774 910 sra-

199 942 321 989 trem,
354 937 412 974 vis
445 948 488 974 ac
520 940 696 987 potestas
728 947 851 987 penes
883 935 1096 974 Proculum
1124 933 1392 985 -praefectum3
1432 931 1570 971 Celsus
1604 937 1643 970 et
1673 930 1773 969 Pau—

199 996 323 1048 linus,
363 1008 452 1034 cum
492 995 703 1047 prudentia
737 1006 876 1033 eorum
910 1006 1025 1032 nemo
1057 999 1260 1045 uteretur,
1297 993 1406 1030 inani
1437 992 1596 1030 nomine
1628 990 1776 1029 ducum

201 1055 350 1094 alienae
395 1054 533 1106 culpae
578 1053 958 1105 praetendebantur,
1009 1052 1161 1091 tribuni
1205 1053 1540 1102 centurionesque
1586 1049 1773 1101 ambigui,

154 1124 174 1155 5
203 1114 307 1166 quod
341 1115 486 1165 spretis
516 1113 748 1152 melioribus
775 1113 980 1152 deterrimi
1007 1111 1204 1163 valebant,
1237 1110 1350 1149 miles
1376 1110 1516 1162 alacer,
1550 1111 1618 1161 qui
1642 1114 1776 1148 tamen

200 1175 307 1213 iussa
341 1173 488 1212 ducum
520 1173 777 1224 interpretari
803 1185 921 1223 quam
949 1172 1112 1223 exsequi
1138 1170 1282 1209 mallet.
1333 1169 1559 1221 promoveri
1584 1168 1631 1208 ad
1659 1180 1777 1220 quar-

249 1329 279 1359 6.
308 1325 469 1360 eonsules
499 1322 723 1368 praevalidi]
753 1321 823 1357 wie
849 1322 949 1367 App.

202 1371 382 1408 Claudius
407 1371 483 1406 und
508 1370 554 1405 L.
586 1370 763 1415 Opimius.

249 1418 522 1464 temptamenta]
551 1418 626 1452 ‘ein
652 1417 853 1462 Vorspiel'.

250 1476 282 1509 8.
299 1473 512 1515 dominatio,
524 1471 712 1516 τυραννίς,
724 1469 949 1516 ‘Despotie’,

201 1520 272 1555 wie
298 1532 327 1555 c.
356 1524 412 1564 63,
442 1524 471 1555 1.

250 1573 281 1604 9.
309 1567 499 1613 occultior]
517 1565 790 1609 ‘versteekt‘er'3
813 1566 949 1601 ebenso

202 1617 244 1652 A.
260 1615 322 1659 IV,
341 1619 383 1650 10
404 1616 541 1650 occulto
567 1615 719 1656 indicio,
747 1613 866 1656 VL51
895 1623 950 1648 oc-

202 1664 339 1698 cultum
371 1674 413 1698 ac
444 1662 635 1697 subdolum
665 1661 847 1706 finyendis
877 1661 950 1696 vir-

202 1712 351 1747 tutibus.
396 1710 478 1745 Joh.
506 1709 650 1744 Mfiller.

250 1762 282 1794 et
319 1757 534 1802 numquam]
572 1757 630 1790 fiir
667 1767 732 1791 nec
768 1767 950 1800 umquam.

203 1806 381 1850 H'aufiger
401 1805 455 1839 als
475 1804 537 1839 bei
558 1804 629 1839 den
649 1804 771 1838 'altem
785 1802 951 1837 Antoren

203 1854 322 1888 findet
342 1853 421 1888 sich
443 1851 503 1887 bei
520 1851 606 1887 Tac.
628 1851 710 1885 eine
731 1850 950 1895 kopulative

203 1900 464 1946 Konjunktion
508 1899 578 1933 mit
623 1898 726 1933 einer
764 1897 955 1942 Negation

203 1947 431 1990 verbunden,
453 1945 689 1991 gewohnlich
710 1944 955 1980 unmittelbar

205 1996 271 2030 auf
295 1995 475 2030 einander
494 1993 666 2039 folgend3
695 2004 735 2028 so
754 1992 955 2027 besonders

204 2047 237 2079 et
263 2043 332 2078 mit
358 2044 484 2078 nullus
510 2042 585 2076 und.
611 2041 717 2083 nih-il,
743 2041 839 2075 doeh
859 2040 954 2075 auch

205 2091 277 2126 mit
290 2101 404 2134 nemo,
428 2101 631 2134 nunquam,
650 2099 726 2124 non
742 2088 830 2123 oder
843 2088 953 2122 haud.

205 2139 240 2173 S.
268 2137 485 2183 Nipperdey
511 2148 554 2171 zu
581 2136 623 2173 A.
645 2135 671 2180 I,
695 2139 749 2170 38.
777 2134 953 2179 Draeger,

207 2187 309 2231 Syn‘t.
338 2189 356 2228 ξ
386 2189 465 2220 111.

257 2238 311 2268 10.
326 2232 543 2278 quaesitum]
561 2232 593 2266 d.
609 2232 632 2267 i.
654 2231 848 2266 certatum.
871 2229 954 2274 Vgl.

206 2281 250 2316 A.
278 2282 327 2323 II,
356 2284 400 2314 74
427 2281 521 2316 inter
549 2279 698 2314 Vibium
725 2278 898 2313 Marsum
923 2280 956 2312 et

209 2328 273 2364 Cn.
301 2328 466 2363 Sentium
504 2328 571 2362 diu
608 2327 832 2372 quaesierint,-
870 2325 955 2359 dein

209 2377 365 2411 Marsus
399 2376 535 2410 senior-i
569 2378 601 2410 et
636 2375 760 2408 acrius
795 2373 957 2408 tendenti

207 2423 333 2459 Sentio
359 2424 540 2458 concessit.

255 2472 297 2506 in
325 2470 542 2516 Pharsalia]
569 2482 595 2504 s.
624 2482 668 2503 zu
695 2468 722 2509 I,
751 2471 806 2511 50,
837 2471 889 2502 10.

260 2528 313 2558 11.
358 2525 488 2558 nedum
519 2544 566 2548 —
592 2523 757 2567 posituri
800 2520 958 2565 fuerint]

208 2573 264 2606 Im
321 2570 612 2615 unabh'angigen
664 2568 958 2604 Satzverh’altnis

209 2618 336 2654 wiirde
351 2629 389 2653 es
405 2619 613 2662 posuissent
637 2616 796 2659 heissen;
818 2616 893 2661 vgl.
916 2627 961 2649 zu

209 2667 237 2711 Ι,
265 2670 323 2710 26,
349 2670 382 2700 4.

261 2718 315 2748 12.
346 2723 482 2758 ponere
515 2712 575 2746 fiir
609 2712 675 2746 das
708 2712 842 2756 Komp.
871 2721 959 2745 eom-

210 2772 342 2806 ponere
378 2760 586 2804 ‘beilegen,
622 2759 828 2803 ausgeben'
864 2758 961 2792 nach

212 2810 296 2844 dem
325 2808 525 2851 Vorgange
553 2818 625 2842 von
654 2806 744 2840 Sall.
772 2805 856 2849 Jug.
882 2809 959 2847 112,

215 2861 232 2890 1
267 2855 342 2890 und
375 2855 452 2890 Liv.
483 2856 514 2897 l,
542 2858 598 2896 53,
624 2857 656 2889 4.
709 2852 792 2897 Vgl.
822 2851 961 2887 Gerber

214 2904 289 2938 und
317 2903 436 2946 Greef,
465 2902 551 2937 LeX.
581 2902 666 2937 Tac.
694 2912 729 2945 p.
754 2903 818 2934 138
831 2910 861 2934 a.

1074 1324 1128 1355 14.
1148 1320 1305 1365 sin-aulis
1324 1319 1472 1365 ictibus]
1491 1318 1690 1364 ‘jedesmal
1704 1318 1776 1353 mit

1025 1367 1146 1403 einem
1174 1367 1362 1413 Schlage'.

1072 1416 1224 1461 ignavia
1261 1414 1433 1460 ‘Mangel
1471 1425 1518 1448 an
1556 1412 1777 1458 Thabkraft,

1028 1462 1348 1508 Untiichtigkeit’,
1375 1460 1445 1497 wie
1473 1472 1502 1496 c.
1531 1464 1562 1496 7.
1591 1465 1646 1496 60.
1676 1464 1731 1495 94.

1074 1514 1128 1546 16.
1162 1521 1284 1546 rerum
1315 1510 1404 1545 ordo
1436 1508 1518 1544 ‘der
1549 1507 1676 1542 Faden
1712 1508 1778 1542 der

1023 1557 1271 1603 Erzahlung’,
1305 1557 1408 1602 eigtl.
1436 1556 1496 1591 die
1529 1555 1777 1600 Reihenfolge

1025 1605 1091 1641 der
1118 1604 1340 1650 Ereignisse.

1072 1653 1189 1698 redeo]
1206 1652 1276 1687 wie
1293 1652 1335 1688 A.
1356 1651 1417 1695 IV,
1439 1655 1483 1686 33
1502 1651 1564 1686 sed
1583 1650 1633 1685 ad
1654 1651 1778 1695 incep-

1025 1704 1102 1735 tum
1120 1702 1223 1735 redeo
1231 1714 1244 1743 ,·
1266 1699 1346 1743 XII,
1367 1703 1413 1734 40
1434 1699 1483 1734 ad
1501 1702 1701 1742 temporum
1721 1707 1777 1732 or-

1026 1749 1146 1783 dinem
1166 1748 1280 1783 redeo.
1308 1746 1457 1781 Ebenso
1479 1744 1587 1780 rufen
1608 1745 1687 1780 sich
1703 1743 1779 1780 Cic.

1027 1796 1150 1840 (Tusa.
1178 1795 1194 1828 I
1220 1798 1238 1837 ξ
1265 1796 1324 1838 23)
1351 1794 1427 1829 und
1454 1793 1542 1828 Sall.
1572 1792 1666 1838 (Iug.
1688 1796 1720 1835 4,
1743 1794 1778 1836 9)

1026 1854 1086 1877 am
1128 1841 1275 1878 Schluss
1320 1842 1420 1876 eines
1464 1839 1650 1875 Exkurses
1695 1851 1777 1874 zum

1029 1891 1174 1925 Thema
1199 1889 1348 1924 zuriick.

1076 1996 1139 2031 39.
1169 2000 1199 2031 1.
1228 1994 1453 2040 Brixellum]
1480 2006 1508 2029 s.
1536 2005 1566 2028 e.
1595 1997 1652 2038 33,
1682 1997 1737 2028 11.

1077 2048 1111 2078 2.
1138 2045 1193 2078 vis
1220 2054 1262 2078 ac
1284 2042 1462 2088 potestas]
1484 2041 1559 2076 ‘die
1586 2041 1780 2076 wirkliche

1029 2090 1204 2134 Gewalt’3
1232 2092 1306 2136 vgl.
1333 2089 1396 2133 ΙΙΙ,
1426 2093 1480 2131 11,
1512 2093 1565 2123 14.
1598 2088 1694 2124 Dial.
1724 2092 1781 2123 19.

1029 2139 1112 2173 Ter.
1139 2138 1273 2185 Heaut.
1299 2137 1362 2181 IV,
1390 2142 1422 2181 3,
1443 2140 1499 2171 32.
1527 2136 1622 2171 Gen.
1645 2148 1680 2171 n.
1702 2136 1782 2171 Att.

1028 2186 1107 2230 XII,
1138 2190 1192 2222 10.
1236 2185 1400 2220 Ahnlich
1427 2184 1468 2219 G.
1495 2187 1541 2218 42
1574 2184 1630 2218 vis
1655 2186 1687 2218 et
1713 2193 1781 2228 po-

1028 2235 1144 2270 tentia
1172 2233 1247 2267 ‘die
1274 2232 1467 2267 wirkliche
1494 2230 1650 2265 Macht'.

1075 2280 1314 2326 praefectum]
1330 2291 1378 2315 sc.
1394 2278 1598 2323 praetorio,
1627 2289 1654 2313 s,
1677 2278 1703 2321 Ι,
1719 2281 1776 2313 46.

1077 2333 1109 2363 4.
1132 2329 1273 2364 alienae
1287 2328 1415 2372 eulpae
1429 2325 1780 2372 praetendebantur]

1032 2375 1211 2411 ‘mussten
1244 2387 1328 2410 zum
1353 2373 1598 2409 Deckmantel
1619 2372 1782 2408 fremder

1031 2424 1171 2458 Schuld
1198 2422 1362 2467 dienen’,
1394 2420 1561 2455 n'amlich
1586 2431 1694 2456 wenn
1721 2419 1781 2454 ein

1031 2471 1082 2506 im
1127 2470 1321 2515 Kriegsrat
1364 2468 1646 2504 besohlossener
1685 2466 1781 2502 Plan

1033 2517 1255 2563 fehlschlug.
1291 2517 1374 2562 Vgl.
1396 2515 1460 2559 III,
1481 2520 1503 2550 4
1528 2519 1569 2551 ut
1594 2516 1786 2551 consulare

1033 2577 1162 2601 nomen
1175 2565 1406 2610 surqentibus
1422 2574 1502 2599 cum
1521 2563 1678 2598 maxime
1691 2573 1782 2606 par-

1034 2614 1131 2649 tibus
1155 2614 1304 2648 honesta
1328 2612 1442 2657 specie
1462 2611 1783 2656 praetenderetur,-

1034 2661 1079 2704 ΙΙ,
1095 2664 1138 2695 85
1165 2661 1208 2695 ob
1233 2660 1450 2701 simultates,
1477 2659 1608 2703 quib-us
1634 2667 1783 2692 eausam

1029 2709 1199 2754 partium
1218 2707 1490 2752 praetendebat.

1083 2756 1277 2800 ambiguus
1308 2754 1377 2789 wie
1406 2752 1468 2797 IV,
1496 2756 1554 2797 56,
1583 2756 1626 2787 10
1655 2752 1783 2786 ‘unzu-

1034 2803 1247 2847 verliissig⁷.

1082 2854 1114 2884 5.
1142 2850 1279 2896 alacer]
1308 2849 1437 2894 ‘guten
1462 2846 1614 2882 Mutes’.

1084 2903 1115 2933 6.
1150 2898 1198 2932 acl
1224 2900 1395 2943 quartum
1422 2907 1445 2930 α
1469 2893 1668 2940 Bedriaco]
1697 2892 1730 2928 d.
1756 2892 1782 2930 i.

1861 0 1875 86 *aff-
