1875 3214
231 97 318 140 218

763 95 923 130 TACITI
949 94 1287 131 HISTORIARUM

230 213 282 250 ita
334 210 509 249 loeutus:
561 205 732 260 eomnes,
784 208 852 258 qui
900 219 1130 259 magnarum
1175 218 1312 245 rerum
1360 205 1522 244 consilia
1569 206 1805 257 suscipiunt,

232 271 441 309 aestimare
475 268 638 320 debent,
683 280 752 319 an,
803 267 909 319 quod
942 267 1172 317 inchoatur,
1218 267 1276 304 rei
1320 264 1500 316 publicae
1546 264 1661 317 utile,
1712 266 1810 315 ipsis

233 330 467 382 gloriosum,
509 340 558 367 an
590 332 819 379 promptum
856 326 998 365 effectu
1032 331 1099 364 aut
1132 331 1240 364 certe
1274 337 1353 363 non
1387 324 1552 363 arduum
1586 325 1654 376 sit3
1694 323 1811 362 simul

234 391 337 441 ipse,
377 390 446 440 qui
487 387 642 439 suadet,
689 386 1002 426 considerandus
1035 390 1113 437 est,
1152 385 1345 423 adiciatne
1385 383 1550 423 consilio
1589 383 1810 434 periculum

235 461 371 501 suum,
405 453 444 486 et
477 449 510 486 si
544 448 701 486 fortuna
736 447 887 497 coeptis
921 445 1110 496 adfuerit,
1144 445 1208 483 cui
1241 455 1439 483 summum
1473 443 1594 482 decus
1627 442 1811 494 adquira-

234 514 313 547 tur.

234 611 407 656 pasians,
447 610 548 645 tritt:
587 609 632 644 H.
659 608 709 652 ΙΙ,
737 612 781 643 99
820 608 990 642 ministro

234 670 440 694 sermonum
454 657 598 693 Rubrio
612 656 731 691 Gallo.
760 656 833 690 Der
846 655 990 700 Haupt-

238 706 507 741 unterhfindler
551 704 735 739 zwischen
781 703 991 748 Vespasian

234 755 310 789 und
349 754 499 789 Mucian
545 763 627 786 war
666 751 773 786 Titus
818 761 991 796 gewesen

235 804 280 846 (ο.
309 805 340 837 5.
370 803 442 845 79).
492 800 565 835 Ein
601 799 804 834 vielfaeher
839 802 991 843 persen-

236 850 356 885 licher
387 848 560 883 Verkehr
592 847 668 881 und
704 846 823 881 estere
859 846 990 880 mfind—

237 897 335 932 116116
367 895 691 940 Verhandlnngen
723 895 908 929 zwisehen
941 894 988 930 M.

235 946 311 979 und
337 944 381 979 V.
411 944 528 978 selbst
560 944 727 977 konnten
759 943 874 977 sehon
908 941 989 976 des-

236 993 326 1028 halb
352 992 459 1027 nicht
485 991 583 1026 wohl
612 990 898 1035 stattgefunden
923 990 991 1024 ha-

236 1041 321 1082 ben,
348 1040 435 1075 weil
454 1040 503 1074 M.
525 1038 626 1074 661116
645 1037 831 1073 Residenz
856 1036 895 1071 in
915 1037 991 1072 An-

233 1088 394 1132 tiochia,
430 1087 474 1122 V.
503 1086 581 1121 sein
617 1085 914 1131 Hauptquartier
951 1085 992 1119 in

235 1135 420 1172 Caesarea
444 1135 553 1170 hatte
580 1136 624 1178 (c.
647 1136 717 1176 78).

284 1195 405 1219 coram
439 1183 518 1217 ‘ins
551 1181 725 1225 Gesieht,
757 1180 986 1226 persbnlieh'

235 1249 280 1261 =
305 1232 364 1266 ‘in
398 1230 656 1276 persssnlicher
689 1228 989 1273 Unterredung’.

234 1279 402 1325 Vg1.1V,
423 1282 468 1314 65
495 1289 616 1313 coram
642 1278 746 1313 adire
772 1277 991 1321 adloquique

242 1328 407 1362 Veledam
418 1341 430 1369 ,·
455 1326 498 1362 A.
527 1325 588 1369 IV,
617 1329 662 1360 54
687 1336 751 1360 nec
776 1329 897 1359 tamen
926 1323 990 1357 Ti-

235 1376 328 1410 berii
346 1386 417 1410 vox
438 1385 559 1409 coram
578 1377 713 1416 secuta,
738 1373 800 1408 sed
821 1373 991 1407 obversus

235 1424 285 1458 ad
305 1427 455 1457 matrem
475 1433 551 1456 non
570 1422 704 1456 mirum
719 1421 773 1454 ait
789 1421 876 1463 ete.;
900 1431 928 1454 c.
946 1423 988 1454 75

239 1471 410 1506 Tiberius
445 1473 584 1514 neptem
617 1470 867 1513 Agrippinam
902 1467 989 1501 Ger-

234 1520 379 1554 manico
412 1521 531 1553 ortam
562 1528 643 1551 cum
670 1527 793 1551 coram
820 1515 886 1551 Gn.
913 1514 990 1549 Do-

233 1567 337 1601 mitio
356 1566 589 1606 tradidisset;
613 1563 710 1599 Dial.
727 1568 771 1599 36
793 1574 874 1599 cum
893 1563 990 1597 testi-

233 1615 359 1649 monia
398 1624 520 1649 eoram
558 1617 590 1647 et
627 1615 836 1656 praesentes
873 1611 991 1645 dicere

234 1665 465 1706 moerentum,-
490 1660 573 1695 Ter.
598 1660 664 1695 Ad.
687 1659 732 1702 11,
753 1663 786 1702 4,
808 1663 828 1693 5
850 1659 899 1702 (v.
920 1661 989 1693 269

234 1709 377 1754 Fleck.)
402 1719 525 1744 vereor
557 1718 679 1742 coram
710 1708 753 1742 in
786 1717 824 1742 os
849 1710 882 1741 te
908 1706 987 1740 lau-

234 1758 325 1793 dare
351 1757 531 1803 amplius;
558 1754 633 1790 Cio.
661 1755 707 1790 de
734 1755 806 1799 leg.
836 1765 913 1799 agr.
936 1752 989 1787 ΙΙΙ

234 1808 255 1848 ξ
283 1809 301 1840 1
328 1806 380 1849 εἰ,
412 1815 504 1849 quae
537 1803 638 1848 apud
662 1813 724 1838 vos
749 1803 792 1837 de
817 1812 870 1836 me
896 1802 990 1843 defe-

235 1856 337 1896 runt,
365 1864 405 1887 ea
432 1863 553 1887 coram
573 1851 702 1896 potius
726 1862 779 1884 me
800 1852 991 1894 praesente

235 1901 438 1944 dixissent;
464 1900 552 1935 Hor.
581 1899 638 1934 od.
666 1897 728 1941 ΙΙΙ,
758 1901 790 1942 ὃ,
818 1901 875 1932 29.

285 1952 316 1983 3.
344 1959 464 1983 omnes
489 1947 553 1992 qui
578 1945 667 1992 ete]
688 1945 773 1990 Vgl.
801 1945 873 1979 den
900 1945 991 1978 {thn-

236 1996 361 2030 lichen
401 1994 578 2040 Eingang
622 1994 687 2028 (166
734 1992 875 2027 Briefes
919 2002 992 2025 von

236 2042 476 2078 Mithridates
505 2042 565 2077 bei
590 2041 678 2076 Sall.
700 2041 788 2075 hist.
810 2040 859 2073 IV
882 2039 923 2074 fr.
946 2042 990 2073 20

238 2091 310 2135 (ed.
327 2091 424 2134 Kr.):
451 2101 583 2133 omnes,
609 2090 673 2134 qui
698 2088 866 2123 secundis
886 2088 992 2122 rebus

234 2140 313 2174 suis
327 2139 377 2173 ad
393 2139 477 2174 belli
495 2139 699 2172 societatem
719 2139 888 2177 orantur,
908 2146 992 2169 con-

235 2188 397 2222 siderare
424 2186 563 2227 debent,
589 2185 741 2220 liceatne
767 2187 844 2218 tum
863 2193 992 2227 pacem

236 2246 363 2280 ayere‚·
390 2235 486 2277 dein,
513 2233 609 2278 quod
629 2233 830 2277 quaesitur,
855 2231 993 2265 satisne

231 2283 340 2327 pium
365 2285 485 2317 tutum
514 2281 732 2325 ylorz'osum,
765 2290 816 2314 an
847 2278 992 2312 indeco—

237 2341 319 2365 rum
363 2330 421 2365 sit.
479 2327 587 2363 Nach
627 2328 796 2362 Mucians
836 2325 993 2360 Ansicht

238 2378 401 2422 gliederb
428 2376 507 2410 61611
529 2376 588 2410 die
608 2374 777 2419 Prfifung
798 2374 898 2408 eines
920 2372 992 2408 601-

238 2425 332 2460 611611
359 2423 661 2459 Unternehmens
693 2421 733 2456 in
766 2421 857 2456 zwei
888 2420 992 2455 Τ6116

236 2474 304 2515 (an
318 2501 325 2507 .
342 2501 372 2507 ..
393 2472 440 2506 sit
465 2470 543 2505 und
568 2471 666 2515 ipse.
691 2498 698 2506 .
721 2498 728 2506 .
744 2469 992 2514 adquiratur).

237 2520 304 2554 Bei
322 2519 450 2564 jedem
464 2519 547 2554 Teil
560 2519 738 2553 kommen
752 2517 889 2551 wieder
904 2515 994 2550 zwei

237 2566 383 2602 Punkte
414 2566 454 2600 in
487 2566 677 2609 betraeht,
714 2564 815 2599 heim
851 2565 993 2598 ersten:

238 2627 305 2651 an.
323 2643 330 2650 .
347 2615 559 2659 ,yloriosum
586 2613 663 2657 (sit)
688 2613 765 2647 und
793 2623 843 2647 an
872 2622 993 2656 prom-

232 2666 341 2708 ptum
379 2665 445 2697 aut
489 2664 579 2696 certe
616 2671 691 2695 non
730 2660 889 2695 arduum
932 2659 993 2702 sit,

239 2710 340 2745 beim
354 2708 529 2744 zweiten:
550 2709 642 2752 ipse.
661 2736 667 2742 .
684 2708 890 2743 ,adiciatne
910 2717 992 2741 con-

238 2759 322 2793 silio
355 2757 561 2802 periculum
596 2766 703 2790 suurn
738 2755 814 2789 und
850 2755 883 2789 εί
917 2754 993 2797 for-

239 2809 334 2840 twna
353 2834 359 2841 .
383 2833 389 2840 .
412 2833 419 2840 .
438 2805 499 2839 cui
523 2814 702 2839 summurn
731 2803 839 2838 decus
865 2802 993 2846 adqui-

239 2857 357 2888 ratum

288 2904 322 2936 4.
354 2900 546 2935 aestimare
587 2898 804 2942 ‘abw'agem
844 2896 883 2931 in
928 2896 993 2930 Er-

377 520 448 559 ego
494 512 551 558 te,
597 506 852 558 Vespasiane‚
896 504 943 543 ad
976 505 1188 556 imperium
1233 516 1348 555 voco,
1394 515 1512 554 quam
1545 501 1715 541 salutare
1755 503 1814 554 ljei

1063 611 1226 652 w'agung
1245 606 1386 649 ziehen,
1407 605 1570 650 priifen’,
1591 604 1661 639 wie
1682 604 1744 647 IV,
1766 607 1810 639 81

1064 654 1253 690 aestimari
1278 665 1302 689 α
1326 654 1474 688 medicis
1499 653 1610 696 iubet,
1637 664 1687 687 an
1714 655 1783 688 ete.

1113 720 1163 743 an
1195 707 1297 742 steht
1331 707 1391 742 bei
1423 707 1509 741 Tae.
1544 706 1658 741 &fters
1690 705 1728 740 in
1759 704 1815 740 in-

1065 756 1238 791 direkten
1264 754 1522 800 Fragese'ttzem
1550 753 1619 788 wie
1639 753 1734 788 Plin.
1756 763 1814 797 ep.

1064 804 1126 847 VI,
1142 808 1199 846 27,
1215 807 1235 838 5
1262 804 1305 846 (6.
1321 803 1497 847 Draeger,
1514 801 1617 846 Synb.
1634 804 1653 843 ἓ
1670 804 1751 845 153,
1767 801 1813 844 1),

1065 851 1147 886 hier
1178 851 1217 885 in
1247 850 1470 895 Anaphora,
1503 850 1572 883 wie
1603 848 1647 882 A.
1681 847 1765 891 XII,
1794 852 1814 882 5

1065 912 1115 934 an
1141 900 1250 933 iussis
1271 898 1417 943 populi,
1449 909 1499 931 an
1525 897 1741 931 auctoritati
1765 907 1815 930 se-

1063 951 1176 982 natus
1207 947 1352 981 cederet.
1404 944 1480 979 Das
1513 944 1643 979 zweihe
1676 955 1726 978 an
1753 944 1815 978 be-

1063 995 1153 1030 ruht
1191 994 1257 1029 auf
1293 993 1464 1028 Olassens
1502 991 1713 1037 Vorschlag
1755 991 1816 1026 fiir

1065 1047 1142 1086 aut,
1171 1042 1232 1077 die
1259 1041 1393 1076 Lesart
1418 1040 1482 1074 des
1507 1039 1710 1074 Mediceus
1852 1052 1855 1055 >

1114 1100 1145 1131 5.
1173 1094 1401 1141 promptum]
1434 1093 1468 1128 d.
1497 1092 1520 1129 i.
1553 1091 1675 1128 facile.
1726 1091 1814 1137 Vgl.

1066 1143 1129 1187 III,
1146 1148 1165 1179 9
1187 1145 1285 1186 dum,
1306 1152 1394 1188 quos
1413 1141 1529 1176 armis
1541 1141 1675 1185 pellere
1690 1151 1816 1185 prom-

1057 1196 1166 1238 ptum
1191 1195 1281 1235 erat,
1308 1190 1474 1235 epistulis
1499 1190 1676 1233 increpat.

1112 1245 1288 1290 arduum]
1309 1255 1386 1279 was
1402 1242 1544 1277 schwer
1564 1254 1609 1276 zu
1623 1241 1817 1277 erreichen

1063 1293 1128 1338 ist,
1164 1293 1284 1327 ‘allzu
1317 1289 1553 1335 echwierig'.
1610 1289 1658 1324 So
1696 1300 1724 1324 0.
1759 1291 1815 1324 58.

1065 1345 1121 1376 82.
1149 1341 1176 1386 1,
1204 1344 1260 1376 85.
1288 1339 1351 1384 111,
1374 1343 1429 1374 26.
1459 1339 1501 1373 A.
1529 1338 1556 1382 Ι,
1580 1341 1634 1372 11.
1659 1335 1739 1380 XV,
1761 1340 1816 1372 59.

1064 1390 1152 1434 Agr.
1181 1392 1236 1424 18.
1652 1416 1663 1422 -

1115 1447 1146 1477 6.
1167 1443 1244 1487 ipse
1253 1462 1296 1466 —
1306 1438 1612 1485 considerandus]
1625 1437 1814 1483 Prolepsis

1063 1503 1108 1525 zu
1140 1489 1394 1524 rhetorischer
1423 1486 1722 1530 Hervorhebung
1752 1485 1816 1520 des

1063 1536 1325 1583 persbnlichen
1359 1535 1536 1581 Subjekts
1578 1535 1643 1569 des
1682 1533 1709 1568 F
1712 1544 1817 1578 rage-

1064 1587 1183 1620 satzes
1201 1585 1254 1619 im
1269 1584 1480 1629 Gegensatz
1495 1595 1577 1617 zum
1599 1580 1815 1616 saehlichen

1065 1633 1224 1678 Subjek’n
1250 1632 1315 1667 des
1346 1629 1682 1676 vorhergehenden
1707 1628 1817 1663 Rela-

1063 1680 1238 1716 tivsatzes
1264 1679 1374 1725 (quod
1392 1678 1621 1723 inchoatur):
1648 1676 1723 1721 vgl.
1751 1675 1818 1711 das

1063 1729 1254 1764 bekannte
1289 1739 1363 1763 rem
1394 1727 1513 1769 vides,
1544 1736 1614 1771 quo
1647 1724 1751 1759 modo
1783 1734 1819 1759 se

1063 1777 1204 1812 habeat.
1250 1776 1341 1810 Zum
1367 1773 1572 1819 folgenden
1596 1772 1819 1817 Fragesatze

1064 1824 1115 1859 ist
1135 1824 1270 1859 daraus
1289 1823 1356 1857 das
1371 1822 1502 1857 Neutr.
1518 1833 1563 1855 zu
1576 1820 1813 1855 entnehmen.

1113 1878 1300 1913 adiciatne
1314 1875 1466 1911 consilio
1472 1873 1680 1920 periculum
1691 1871 1815 1917 suum]

1064 1925 1143 1971 vgl.
1169 1925 1237 1968 ΙΙΙ,
1266 1928 1310 1960 69
1343 1924 1404 1958 sed
1429 1922 1525 1968 quod
1550 1922 1592 1956 in
1619 1921 1696 1956 eius
1721 1920 1820 1955 modi

1064 1974 1171 2008 rebus
1192 1972 1340 2015 accidit,
1366 1971 1560 2006 consilium
1584 1968 1630 2003 ab
1651 1967 1820 2003 omnibus

1065 2022 1193 2056 datum
1206 2023 1268 2063 est,
1278 2019 1486 2064 periculum
1493 2017 1612 2062 pauci
1624 2026 1816 2060 sumpsere.

1115 2078 1147 2110 7.
1174 2075 1295 2109 adesse
1328 2071 1441 2107 ‘hold
1472 2069 1587 2112 sein’3
1620 2081 1646 2103 6.
1680 2080 1724 2102 zu
1755 2067 1819 2111 ΠΙ,

1066 2127 1124 2167 46,
1141 2126 1184 2157 11
1205 2121 1342 2165 adfuit,
1361 2123 1404 2154 ut
1417 2130 1522 2163 saepe
1536 2118 1644 2160 alias,
1665 2117 1820 2160 fortuma

1059 2171 1195 2215 populi
1219 2168 1394 2204 Romani.

1115 2218 1190 2263 cui]
1218 2216 1277 2251 fiir
1303 2228 1327 2251 a
1352 2226 1442 2260 qu0;
1475 2225 1502 2249 6.
1534 2211 1721 2256 Heraeus,
1752 2210 1819 2246 lat.

1069 2265 1239 2310 Schulgr.
1265 2268 1284 2307 ἓ
1314 2267 1393 2306 133,
1422 2266 1453 2296 1.
1874 2261 1875 2264 ’

1115 2322 1146 2354 8.
1175 2328 1236 2363 eqo
1262 2317 1309 2363 te]
1345 2315 1509 2351 Hiermit
1541 2314 1634 2359 geht
1659 2313 1708 2349 M.
1736 2324 1820 2347 zum
1874 2331 1875 2336 =

1067 2368 1190 2401 ersten
1216 2365 1364 2399 Punkte
1391 2364 1455 2398 (166
1481 2365 1606 2397 ersten
1625 2360 1726 2396 Τ6116
1753 2361 1820 2395 der
1874 2356 1875 2378 ³

1067 2425 1140 2449 von
1153 2413 1266 2458 Vesp.
1282 2409 1589 2447 anzustellenden
1605 2408 1821 2454 Erwagung
1873 2417 1875 2421 ⁴

1067 2461 1169 2496 fiber.
1197 2461 1292 2495 Dem
1311 2460 1400 2495 utile
1420 2457 1630 2503 entsprieht
1643 2457 1818 2499 salutare,

1070 2509 1156 2544 dem
1181 2509 1378 2555 yloriosum
1405 2526 1450 2532 —
1476 2505 1722 2550 mayniftcum.

1115 2574 1225 2607 quam
1262 2560 1442 2606 salutare]
1488 2559 1523 2594 d.
1562 2559 1585 2594 i.
1625 2559 1675 2593 ad
1712 2568 1822 2603 quam

1066 2612 1231 2646 salutare
1255 2620 1384 2651 vocem,
1410 2609 1492 2643 eine
1513 2617 1587 2643 von
1609 2607 1720 2641 iuxta
1738 2605 1821 2640 deos

1066 2659 1108 2693 in
1134 2662 1200 2692 tua
1219 2668 1333 2692 manu
1346 2656 1510 2701 positum
1530 2657 1581 2690 est
1605 2652 1820 2698 abhangige

1067 2705 1280 2751 elliptische
1306 2705 1436 2747 Frage.
1470 2702 1556 2747 Vgl.
1577 2701 1606 2746 I,
1625 2704 1671 2736 29
1697 2704 1821 2736 seoetus

1067 2754 1144 2788 dies
1181 2754 1320 2799 agitur,
1360 2751 1631 2792 commilitones,
1669 2759 1713 2785 ex
1749 2757 1821 2793 quo

1066 2802 1223 2846 iynarus
1248 2800 1372 2843 futuri
1398 2826 1406 2834 .
1429 2827 1436 2835 .
1460 2826 1466 2833 .
1495 2798 1632 2833 Caesar
1657 2796 1822 2832 adscitus

1066 2860 1159 2891 sum,
1197 2859 1267 2893 quo
1304 2848 1433 2882 domus
1475 2848 1622 2881 nostrae
1662 2847 1729 2878 aut
1766 2843 1820 2878 rei

1061 2897 1236 2941 publicae
1260 2895 1352 2938 fato,
1378 2895 1420 2929 in
1444 2897 1564 2928 vestra
1582 2903 1698 2927 manu
1719 2890 1820 2936 posi-
