1875 3214
129 217 172 249 10

131 513 173 545 15

132 811 176 842 20

203 97 285 139 118
724 95 885 132 TACITI
911 94 1250 130 HISTORIARUM

201 209 298 247 nihil
331 208 377 247 ad
404 207 632 259 pedestrem
658 219 829 259 pugnam
857 213 935 246 tam
962 208 1163 258 ignavum:
1196 204 1265 244 ubi
1291 217 1362 256 per
1387 210 1538 244 turmas
1565 205 1771 258 advenere,

198 270 263 307 vix
295 268 373 307 ulla
406 268 509 306 acies
543 267 754 306 obstiterit.
806 267 872 306 sed
907 272 989 306 tum
1023 266 1156 305 umido
1190 265 1252 303 die
1286 270 1325 303 et
1357 264 1485 304 soluto
1519 264 1609 316 gelu
1642 277 1770 317 neque

200 329 308 367 conti
346 339 475 378 neque
514 326 650 379 gladii,
696 339 794 378 quos
833 325 1067 378 praelongos
1106 330 1275 376 utraque
1313 336 1432 363 manu
1470 329 1631 377 regunt,
1670 326 1772 376 usui,

199 386 446 438 lapsantibus
473 388 587 438 equis
614 392 653 425 et
680 386 1021 438 cataphractarum
1049 384 1236 436 pondere.
1287 383 1327 422 id
1358 383 1608 435 principibus
1641 391 1679 423 et
1705 396 1772 423 no-

199 446 392 485 bilissimo
426 447 569 498 cuique
602 448 777 497 tegimen
809 446 950 484 ferreis
984 445 1182 483 lamminis
1215 447 1282 482 aut
1314 443 1511 494 praeduro
1545 444 1652 482 corio
1680 456 1771 483 con-

201 511 364 558 sertum,
397 510 440 545 ut
473 506 662 545 adversus
694 507 799 545 ictus
832 504 1133 556 inpenetrabile,
1166 504 1220 541 ita
1250 504 1402 554 impetu
1434 502 1608 542 hostium
1634 515 1772 554 provo-

200 565 294 604 lutis
334 565 506 604 inhabile
546 565 593 604 ad
632 564 936 616 resurgendum.
989 563 1107 602 simul
1146 562 1354 602 altitudine
1394 566 1433 601 et
1470 562 1633 601 mollitia
1672 563 1773 601 nivis

200 624 497 664 hauriebantur.
548 625 749 664 Romanus
780 623 895 663 miles
929 622 1053 662 facilis
1086 623 1207 661 lorica
1240 626 1279 660 et
1310 621 1452 660 missili
1482 621 1562 673 pilo
1595 627 1663 660 aut
1694 621 1773 660 lan-

201 686 283 724 ceis
326 684 546 737 adsultans,
592 684 662 724 ubi
700 696 765 722 res
803 689 999 735 posceret,
1044 682 1119 721 levi
1158 681 1285 733 gladio
1324 682 1517 720 inermem
1556 681 1774 720 Sarmatam

200 740 347 796 (neque
376 746 480 783 enim
509 749 622 783 scuto
651 742 811 782 defendi
837 755 922 781 mos
943 738 1023 797 est)
1046 743 1268 781 comminus
1289 740 1475 792 fodiebat,
1501 740 1626 780 donee
1647 742 1775 792 pauci,

204 806 272 856 qui
304 803 454 855 proelio
489 803 781 855 superfuerant,
814 801 1024 853 paludibus
1058 801 1311 840 abderentur.
1362 799 1417 838 ibi
1448 801 1608 839 saevitia
1634 800 1776 839 hiemis

201 869 269 902 aut
304 863 512 902 vulnerum
546 862 757 913 absumpti.
809 867 1018 913 postquam
1051 862 1089 900 id
1124 861 1269 899 Romae
1302 865 1563 911 compertum,
1593 859 1643 898 M.
1675 859 1775 910 Apo-

200 924 291 962 nius
323 923 510 961 Moesiam
544 922 729 961 obtinens
761 921 993 973 triumphali
1026 920 1166 973 statua,
1199 919 1347 959 Fulvus
1379 918 1564 958 Aurelius
1598 924 1636 958 et
1662 918 1775 958 Iulia—

250 1041 303 1072 10.
333 1037 398 1083 ad]
426 1050 451 1072 s.
480 1049 522 1071 zu
547 1036 592 1080 II,
620 1041 677 1077 97,
703 1041 734 1072 7.

250 1089 302 1120 11.
332 1085 526 1131 obstiterit]
554 1086 628 1120 Der
654 1084 763 1129 Konj.
785 1084 840 1118 Pf.
863 1083 952 1119 oder

200 1133 260 1168 Pr.
277 1132 332 1167 als
347 1132 570 1168 Potentialis
591 1133 656 1167 der
671 1131 895 1177 Gegeuwa-rt
911 1130 950 1166 in

199 1180 400 1226 negativen
435 1180 570 1215 Satzen
601 1180 661 1215 bei
697 1180 951 1214 bestimmtem

201 1228 381 1274 Subjekte
406 1228 458 1263 ist
482 1227 781 1270 naehklassisch3
810 1227 884 1272 vgl.
907 1228 950 1262 A.

199 1275 262 1319 IV,
290 1280 310 1310 3
336 1276 475 1319 femina
502 1277 637 1311 amissa
657 1276 848 1320 pudicitia
874 1275 951 1309 alia

199 1335 273 1359 non
306 1324 495 1366 abnuerit;
528 1335 557 1359 o.
586 1327 630 1358 32
664 1334 766 1358 nemo
798 1323 952 1357 annales

199 1375 342 1406 nostros
376 1382 457 1406 cum
491 1372 677 1416 scriptura
713 1381 835 1405 eorum
870 1381 951 1405 con-

200 1420 373 1462 tenderit;
406 1419 449 1453 H.
479 1418 531 1462 Π,
558 1422 603 1453 47
637 1429 738 1453 nemo
771 1421 845 1453 tam
877 1418 952 1461 for-

199 1468 285 1502 titer
309 1467 496 1511 reliquerit
522 1467 735 1511 imperium;
768 1465 796 1511 I,
817 1469 874 1508 84,
897 1468 951 1500 15.

200 1514 239 1549 G.
259 1518 312 1549 19.
341 1515 516 1560 Draeger,
538 1515 639 1559 Synt.
656 1517 675 1556 ξ
691 1517 748 1557 28,
765 1514 799 1549 b.
826 1512 950 1548 Madv.

199 1566 217 1604 s
239 1566 319 1605 350,
339 1562 373 1598 b.

246 1610 371 1645 umido
402 1610 461 1644 die
487 1613 519 1645 et
543 1610 660 1644 soluto
686 1609 784 1655 yelu]
807 1626 850 1638 =
872 1619 952 1643 cum

199 1658 323 1692 umido
350 1658 408 1692 die
433 1658 515 1703 yelu
540 1657 699 1692 solutum
730 1660 836 1699 esset,
863 1656 952 1690 Um-

201 1704 426 1749 schreibung
458 1704 517 1739 fiir
545 1703 842 1748 ‘Thauwetter’3
876 1704 952 1738 dies

203 1753 395 1796 ‘Wetter',
423 1752 492 1787 wie
520 1763 549 1787 c.
577 1755 633 1795 86,
661 1756 692 1786 4.

251 1804 304 1835 12.
329 1804 457 1836 contus
473 1800 638 1843 ‘Lanze’,
660 1799 730 1833 wie
752 1799 794 1833 A.
816 1798 878 1842 VI,
895 1801 950 1833 35.

248 1859 336 1893 quos
370 1848 588 1892 praelonyos
624 1868 667 1872 —
701 1846 845 1891 reyunt]
887 1845 954 1880 At-

200 1896 370 1930 traktion
405 1896 470 1930 des
502 1894 693 1930 Attributs
731 1893 848 1928 durch
888 1893 954 1928 das

199 1943 361 1987 Relativ,
389 1943 459 1978 wie
486 1944 528 1978 A.
546 1943 606 1986 VI,
629 1946 672 1977 31
698 1943 816 1986 fretus
841 1941 954 1985 bellis,

201 2002 293 2036 quae
312 1991 473 2026 secunda
493 1992 686 2026 adversum
707 1990 956 2025 circumiectas

201 2039 369 2074 nationes
395 2042 625 2081 eoeercuerat;
651 2038 762 2083 Verg.
780 2038 870 2072 Aen.
891 2036 954 2078 ΠΙ,

202 2090 272 2121 546
286 2086 337 2132 fg.
356 2087 628 2131 praeceptisque
642 2085 787 2128 Heleni,
807 2084 956 2120 dederat

201 2145 292 2178 quae
317 2135 501 2176 maoeima,
528 2135 596 2168 rite
624 2134 768 2168 Iunoni
793 2132 956 2177 Aryivae

201 2183 320 2217 iussos
345 2182 529 2217 adolemus
554 2182 713 2216 honores.
765 2179 812 2215 So
840 2180 955 2214 sehon

203 2229 277 2265 Cio.
293 2230 338 2264 de
353 2230 424 2274 leg.
440 2229 538 2272 1511
562 2233 602 2263 tu
616 2241 639 2264 a
653 2228 955 2270 contentionibus,

203 2277 335 2322 quibus
365 2278 515 2313 summis
547 2278 604 2311 uti
636 2277 792 2319 solebas,
826 2275 956 2311 cotidie

203 2326 343 2360 relaoees
369 2326 533 2370 aliquid‚·
558 2325 651 2369 Nep.
679 2324 776 2358 Dion
803 2327 836 2367 2,
863 2326 893 2357 4.

251 2372 353 2418 usui]
381 2373 471 2407 Zum
498 2373 581 2406 Dat.
603 2373 690 2406 usui
716 2372 813 2406 ohne
839 2369 952 2404 Hilfs-

203 2420 358 2455 verbum
383 2419 458 2464 vgl.
474 2419 516 2454 A.
533 2419 593 2463 XI,
612 2423 655 2453 14
675 2430 766 2464 quae
785 2419 873 2453 usui
891 2419 956 2452 im-

200 2468 383 2512 peritante
410 2478 468 2511 eo,
499 2471 580 2512 post
606 2468 828 2502 obliteratae.
870 2465 954 2510 Vgl.

203 2515 299 2550 noch
326 2526 372 2548 zu
399 2526 428 2549 o.
458 2519 488 2557 1,
516 2518 547 2549 8.

254 2566 308 2596 13.
321 2563 561 2605 cataphracta
572 2560 955 2606 ‘Sohuppenpanzer'.

202 2611 324 2644 Amm.
340 2609 437 2653 XVI,
454 2613 508 2652 10,
524 2613 544 2644 8
566 2610 797 2653 cataphracti
822 2609 955 2653 equites

203 2659 393 2694 thoracum
409 2658 545 2692 muniti
558 2657 776 2701 teyminibus
789 2660 821 2691 et
836 2656 957 2691 limbis

204 2706 332 2750 ferreis
357 2706 478 2740 cincti.

255 2757 308 2788 16.
336 2752 515 2798 inhabile]
545 2750 806 2794 ‘unhandlioh,
841 2751 956 2785 unbe-

206 2801 333 2846 quem'
361 2801 422 2835 fiir
450 2799 703 2834 ‘hinderlioh’.
744 2798 779 2833 S.
801 2800 887 2843 Agr.
912 2802 956 2833 36

204 2852 245 2884 ut
275 2860 348 2883 rem
380 2848 431 2883 ad
462 2857 649 2882 mucrones
674 2849 705 2881 et
731 2856 863 2880 manus
890 2846 956 2880 ad-

205 2897 395 2938 ducerent;
439 2896 535 2941 quod
580 2898 611 2930 et
654 2894 746 2939 ipsis
784 2896 957 2928 vetustate

1023 1036 1177 1070 orzilitiae
1208 1035 1447 1070 exercitatum
1472 1038 1503 1069 et
1528 1034 1691 1069 hostibus
1715 1034 1772 1068 in-

1023 1084 1143 1118 habile
1160 1093 1281 1128 parva
1295 1085 1399 1117 scuta
1413 1085 1445 1117 et
1458 1092 1616 1117 enormes
1632 1082 1776 1127 yladios

1023 1131 1240 1176 yerentibus.

1076 1183 1129 1214 17.
1149 1177 1433 1222 hauriebantur]
1458 1176 1616 1212 ‘sanken
1635 1176 1689 1212 sie
1708 1175 1781 1212 ties

1026 1225 1120 1269 ein’,
1161 1225 1231 1260 wie
1262 1225 1340 1260 Liv.
1373 1224 1496 1268 XXII,
1529 1229 1568 1267 2,
1596 1227 1616 1259 5
1654 1225 1778 1260 hausti

1021 1284 1138 1318 paene
1163 1274 1259 1308 limo.
1305 1272 1451 1308 Facilis
1479 1272 1684 1317 ‘gewandt’
1708 1272 1779 1307 mit

1024 1322 1108 1356 dem
1136 1321 1218 1356 Abl.
1252 1320 1312 1355 fiir
1347 1321 1469 1365 ayilis,
1504 1321 1694 1364 eaepeditus
1728 1320 1779 1354 ist

1024 1369 1106 1403 hier
1122 1386 1165 1397 =
1182 1368 1314 1403 ‘leicht
1333 1367 1571 1413 beweglieh’.
1599 1367 1684 1413 Vgl.
1701 1366 1776 1402 Cio.

1025 1416 1128 1451 Brut.
1152 1419 1170 1458 ξ
1192 1419 1260 1451 180
1279 1417 1354 1460 fuit
1373 1416 1481 1451 etiam
1506 1416 1631 1459 facilis
1657 1412 1689 1451 et
1714 1426 1774 1450 θω-

1021 1465 1169 1509 peditus
1195 1465 1244 1499 ad
1270 1464 1461 1509 ayendum.

1074 1511 1226 1558 lanceis]
1250 1511 1319 1546 wie
1340 1510 1391 1554 ΙΙ,
1413 1515 1469 1555 29,
1493 1513 1524 1545 5.
1551 1510 1620 1554 ΙΙΙ,
1641 1514 1697 1554 27,
1723 1514 1777 1546 12.

1025 1558 1181 1595 Danaoh
1198 1559 1280 1594 sind
1295 1557 1355 1593 die
1363 1558 1569 1603 Legionare
1582 1557 1689 1594 nieht
1702 1559 1778 1593 erst

1027 1607 1098 1643 seit
1122 1607 1309 1642 Hadriane
1343 1606 1424 1641 Zeit
1452 1605 1523 1640 mit
1554 1606 1619 1641 der
1651 1606 1779 1641 lancea

1026 1654 1226 1690 bewaffnet
1250 1664 1433 1699 gewesen.
1485 1652 1520 1688 S.
1546 1653 1778 1698 Marquardt,

1026 1707 1117 1738 rom.
1147 1702 1386 1737 Staatsverw.
1413 1701 1447 1735 ΙΙ
1473 1700 1507 1736 S.
1536 1704 1616 1736 576.

1076 1753 1130 1785 18.
1163 1751 1229 1785 ubi
1260 1761 1316 1785 res
1343 1749 1523 1794 posceret]
1551 1749 1641 1783 Zum
1666 1748 1776 1793 Konj.

1027 1810 1054 1833 S.
1082 1810 1125 1832 zu
1152 1809 1181 1832 c.
1212 1801 1266 1841 10,
1295 1801 1326 1832 7.
1377 1795 1478 1832 Uber
1503 1806 1650 1841 poscere
1680 1807 1706 1830 s.
1735 1808 1778 1830 zu

1027 1845 1071 1890 II,
1100 1850 1131 1890 5,
1159 1848 1190 1881 2.

1075 1893 1225 1928 inermis
1253 1892 1364 1926 ‘ohne
1392 1890 1668 1927 Sohutzwaffe’.

1079 1945 1132 1975 19.
1155 1939 1332 1986 fodiebat]
1347 1938 1558 1973 naohklass
1580 1938 1639 1973 fiir
1657 1941 1778 1974 trans-

1027 1989 1189 2032 fodiebat
1216 1988 1306 2022 oder
1331 1986 1580 2032 transflyebat.

1077 2039 1133 2070 20.
1160 2036 1315 2071 saevitia
1340 2034 1482 2080 hiemis]
1505 2033 1574 2069 wie
1594 2033 1656 2077 IV,
1672 2037 1728 2078 38,
1745 2037 1777 2069 5.

1029 2083 1124 2119 Plin.
1152 2095 1186 2117 n.
1215 2083 1251 2117 h.
1278 2081 1384 2126 XIX,
1410 2085 1450 2126 8,
1479 2085 1546 2117 166
1585 2082 1678 2116 stati
1716 2082 1780 2116 des

1030 2131 1268 2166 einfacheren
1307 2129 1520 2165 Ausdrucks
1563 2130 1601 2164 vi
1642 2129 1780 2172 hiemis,

1029 2179 1095 2214 der
1119 2178 1198 2213 Liv.
1215 2178 1258 2222 V,
1275 2182 1305 2221 6,
1322 2180 1343 2212 8
1364 2177 1440 2212 und
1454 2176 1538 2218 VII,
1554 2179 1611 2220 25,
1628 2180 1648 2210 3
1669 2176 1778 2212 steht.

1029 2227 1196 2262 Saevitia
1215 2226 1406 2261 vulnerum
1431 2224 1482 2259 ist
1500 2223 1608 2259 nicht
1632 2224 1779 2259 kfihner

1030 2275 1084 2310 als
1110 2274 1264 2309 saevitia
1290 2283 1460 2308 annonae
1484 2270 1526 2306 A.
1548 2272 1592 2316 II,
1616 2275 1672 2307 87.

1077 2326 1133 2357 22.
1170 2321 1239 2356 Die
1274 2320 1510 2365 triumphalis
1543 2322 1668 2354 statua
1703 2330 1781 2354 war

1030 2370 1099 2404 mit
1112 2368 1277 2404 Lorbeer
1296 2368 1476 2403 bekr‘anzt
1494 2367 1569 2402 und
1591 2367 1651 2402 die
1665 2366 1780 2412 Figur

1029 2417 1101 2452 mit
1115 2418 1217 2452 einer
1236 2419 1321 2461 toya
1334 2416 1440 2460 picta
1459 2415 1535 2449 und
1555 2415 1684 2450 tunica
1702 2414 1780 2458 pal-

1029 2469 1130 2500 mata
1149 2463 1378 2509 dargestellt.
1424 2462 1591 2497 Seitdem
1612 2461 1780 2507 Agrippa

1032 2516 1076 2547 14
1102 2525 1136 2547 v.
1164 2512 1247 2547 Chr.
1275 2510 1347 2545 den
1383 2510 1482 2545 nach
1514 2510 1636 2545 einem
1671 2509 1780 2553 stege

1029 2561 1107 2595 ihm
1127 2559 1378 2595 zuerkannten
1393 2557 1571 2602 Triumph
1590 2556 1780 2600 ablehnte,

1029 2607 1154 2642 wurde
1187 2618 1225 2641 es
1258 2606 1423 2650 Brauoh,
1460 2604 1540 2639 dass
1577 2604 1647 2640 den
1684 2603 1780 2649 sieg-

1030 2655 1181 2690 reiohen
1190 2654 1394 2689 Feldherrn
1408 2665 1477 2687 nur
1490 2653 1640 2688 honores
1653 2653 1780 2687 trium-

1024 2703 1154 2748 phales
1180 2702 1269 2737 oder
1294 2703 1509 2743 ornamenta
1537 2700 1778 2745 triumphalia

1031 2749 1216 2794 bewilligt
1240 2748 1404 2784 wurden.
1443 2747 1533 2782 Man
1552 2747 1644 2793 ging
1670 2746 1781 2782 dabei

1030 2809 1104 2833 von
1133 2798 1218 2832 dem
1244 2796 1451 2831 Grundsatz
1478 2807 1560 2839 aus,
1594 2793 1674 2829 dass
1700 2806 1779 2838 nur,

1029 2856 1106 2880 wer
1118 2846 1195 2880 suis
1209 2843 1388 2889 auspiciis
1403 2844 1509 2878 einen
1520 2842 1609 2888 Sieg
1623 2841 1779 2885 erfooht,

1029 2892 1301 2937 triumphieren
1325 2891 1484 2936 konnte,
1515 2890 1591 2925 und
1616 2900 1690 2925 von
1716 2889 1782 2924 der
