1875 3214
179 128 236 168 62
703 122 863 158 TACITI
888 120 1225 157 HISTORIARUM

178 241 280 279 ticus
320 235 544 288 speculator
583 239 793 274 cruentum
831 233 1003 284 gladium
1043 237 1246 271 ostentans
1285 231 1460 270 occisum
1499 243 1520 269 a
1552 243 1594 269 se
1627 231 1748 270 Otho-

107 310 150 340 10
178 311 268 338 nem
295 296 542 346 exclamavit3
576 299 615 332 et
641 293 778 332 Galba:
810 288 1070 339 ‘commilito'‚
1103 291 1244 342 inquit,
1277 287 1382 341 ‘quis
1408 286 1568 329 iussit?
1600 292 1749 342 insigni

179 359 308 396 animo
347 355 394 394 ad
427 353 687 393 coercendam
725 351 937 391 militarem
974 351 1193 401 licentiam,
1231 348 1474 388 minantibus
1511 350 1750 402 intrepiduS,

179 417 368 456 adversus
400 413 648 453 blandientes
681 413 950 462 incorruptus.

108 476 164 518 36
298 473 409 512 Haud
449 472 590 511 dubiae
622 473 699 510 iam
731 473 772 509 in
805 471 947 509 castris
980 469 1157 507 omnium
1189 473 1343 506 mentes
1374 472 1587 518 tantusque
1620 468 1750 520 ardor,

179 541 223 574 ut
255 546 334 573 non
368 533 546 571 contenti
577 532 731 582 agmine
764 535 803 568 et
836 527 1070 579 corporibus
1109 528 1151 565 in
1189 532 1395 578 suggestu,
1436 527 1477 564 in
1516 539 1594 578 quo
1632 526 1750 578 paulo

179 600 269 634 ante
297 604 416 631 aurea
442 590 586 630 Galbae
613 595 740 629 statua
767 589 908 639 fuerat,
940 586 1114 625 medium
1141 587 1246 624 inter
1273 587 1383 637 signa
1409 585 1605 624 Othonem
1631 585 1749 625 vexil-

178 654 226 693 lis
265 650 569 691 circumdarent.
631 661 705 687 nec
747 647 919 686 tribunis
961 652 1028 684 aut
1067 645 1369 684 centurionibus
1411 644 1582 684 adeundi
1621 645 1752 684 locus:

132 724 152 754 5
179 713 384 765 gregarius
424 709 535 748 miles
572 709 702 748 caveri
733 709 898 757 insuper
929 706 1178 757 praepositos
1210 703 1382 743 iubebat.
1445 710 1624 756 strepere
1656 717 1751 744 cun-

180 778 242 812 cta
280 769 519 810 clamoribus
558 774 597 806 et
635 766 808 806 tumultu
848 771 887 804 et
926 764 1199 803 exhortatione
1238 769 1392 815 mutua,
1434 775 1513 802 non
1550 770 1751 816 tamquam

179 833 220 870 in
252 829 397 882 populo
431 841 475 866 ac
509 826 622 878 plebe
656 826 773 864 variis
807 825 919 876 segni
950 823 1173 862 adulatione
1214 822 1395 874 vocibus,
1437 822 1506 861 sed
1538 829 1582 862 ut
1614 835 1751 875 quem-

181 903 256 943 que
289 889 548 928 adssuentium
580 885 750 924 militum
783 884 1061 935 adspexerant,
1093 894 1283 933 prensare
1311 881 1510 934 manibus,
1543 881 1753 934 complecti

180 951 320 1001 armis,
359 946 567 987 conlocare
606 946 734 996 iuxta,
774 944 929 994 praeire
969 947 1281 992 sacramentum,
1319 940 1435 979 modo
1473 942 1754 992 imperatorem

179 1063 313 1099 musste
353 1061 432 1096 sich
471 1059 587 1094 daher
625 1069 698 1093 von
738 1058 823 1092 dem
867 1068 930 1091 an·
1050 1056 1185 1091 vexilla
1208 1054 1421 1090 ‘Fahnlein’
1448 1055 1550 1090 steht
1574 1055 1656 1090 hier
1681 1055 1753 1091 wie

180 1110 427 1155 dr'angenden
445 1106 707 1142 Volkshaufen
734 1104 801 1140 auf
823 1104 932 1140 einen

181 1157 399 1203 Tragsessel
424 1155 546 1189 beben
571 1154 706 1187 lassen.
759 1153 859 1187 Suet.
888 1152 930 1187 G.

181 1211 238 1242 21.
266 1205 412 1240 Cassius
438 1201 508 1237 Dio
537 1200 665 1244 LXIV,
692 1204 724 1235 3.

230 1257 284 1287 10.
300 1256 345 1295 et]
364 1250 457 1293 ‘da’,
473 1249 541 1284 wie
556 1248 618 1292 III,
632 1252 688 1290 61,
707 1252 735 1281 1.
754 1247 813 1291 IV,
830 1250 885 1290 59,
898 1251 930 1281 3.

182 1301 224 1344 V,
252 1304 309 1343 26,
336 1303 358 1334 4
384 1311 418 1333 u.
442 1301 472 1332 ὃ.

231 1353 285 1383 11.
318 1345 546 1381 minantibus
563 1364 605 1368 —
622 1344 795 1378 adversus
828 1343 931 1377 blan-

181 1395 335 1440 dientes]
351 1390 621 1428 ZumWeehsel
634 1401 706 1425 von
717 1390 837 1424 Kasus
856 1390 932 1424 und

181 1443 289 1488 Priip.
316 1442 391 1486 vgl.
420 1452 449 1474 e.
478 1443 522 1474 20
548 1449 617 1482 per
649 1442 762 1472 artem
795 1441 827 1472 et
858 1438 932 1480 for-

181 1491 337 1531 midine‚·
369 1501 397 1524 c.
426 1492 469 1522 63
496 1496 571 1521 non
597 1486 638 1520 ob
660 1485 841 1529 praedam
867 1488 934 1519 aut

181 1537 371 1584 spoliandi
384 1535 556 1580 cupidine
563 1546 575 1575 ‚·
596 1544 625 1568 c.
643 1536 686 1567 64
701 1533 742 1566 in
755 1533 934 1576 qauclium

183 1589 248 1621 aut
273 1584 471 1628 formidine
490 1584 696 1626 permotus;
722 1580 768 1623 ΙΙ,
788 1583 833 1614 49
850 1590 934 1614 ·ηοη

182 1644 283 1668 noxa
312 1642 424 1676 neque
456 1630 498 1664 ob
529 1631 657 1662 metum
667 1642 679 1670 ;
712 1627 754 1669 V,
785 1631 827 1661 15
860 1637 934 1661 ποατ

183 1681 285 1725 apud
317 1679 494 1714 barbaros
526 1679 639 1710 cantu
670 1678 736 1709 aut
768 1675 934 1717 clamore,

182 1728 318 1763 nostris
357 1737 426 1771 per
463 1726 560 1759 iram
598 1726 630 1756 et
667 1723 787 1756 minas
832 1724 933 1765 aeta3

182 1775 223 1810 A.
252 1775 279 1818 Ι,
306 1777 350 1809 56
378 1777 462 1808 astu
495 1771 612 1814 niayis
637 1780 746 1814 quam
765 1779 834 1812 per
859 1769 933 1811 for-

182 1823 355 1858 midinem
377 1821 488 1856 cessit.
516 1818 725 1851 Besonders
740 1827 829 1860 gern
845 1814 934 1850 lassi

184 1871 271 1905 Tac.
299 1869 397 1904 nach
424 1868 508 1902 dem
523 1865 725 1909 Vorgange
748 1874 821 1898 von
844 1863 932 1897 Sall.

182 1917 259 1952 und
279 1916 358 1951 Liv.
375 1926 442 1959 per
465 1913 534 1948 mit
554 1914 639 1946 dem
660 1911 743 1944 Abl.
765 1910 933 1944 abweeh-

184 1965 282 2005 seln3
309 1963 384 2007 vgl.
411 1961 508 1996 noch
534 1959 562 2001 Ι,
588 1962 645 2001 46,
675 1961 728 1991 12.
756 1957 801 2000 ΙΙ,
822 1959 854 1999 5,
878 1959 932 1990 14.

185 2016 241 2055 77,
265 2016 318 2046 12.
347 2014 404 2051 87,
425 2012 457 2043 8.
485 2009 527 2042 A.
555 2005 651 2048 XIII,
679 2008 710 2038 9.
757 2004 933 2047 Draeger,

185 2059 289 2105 synt.
316 2062 335 2100 ξ
360 2060 439 2091 105.
864 2097 870 2103 .

236 2111 289 2141 12.
329 2101 582 2147 incorruptus]
619 2097 934 2142 ‘unbestechl1ch,

186 2154 415 2197 unentwegt‚
441 2148 638 2185 unbeirrt'.

233 2249 296 2283 36.
327 2253 355 2282 1.
384 2246 532 2291 castris]
559 2240 767 2295 praetoriis.

235 2300 267 2330 2.
307 2306 382 2330 non
416 2293 574 2329 contenti
609 2299 752 2334 aymine
789 2291 825 2339 et·
860 2297 935 2322 eor-

181 2343 351 2388 poribus]
377 2341 436 2376 sie
463 2351 586 2375 waren
611 2335 715 2373 nicht
735 2334 936 2387 zuffiedeu,

187 2392 252 2425 ihn
289 2391 340 2424 im
379 2389 525 2433 Aufzug
565 2383 682 2422 durch
725 2383 785 2417 die
826 2381 938 2434 Stadt

187 2438 255 2472 auf
270 2438 377 2472 ihren
392 2436 589 2471 Schultern
610 2446 654 2467 zu
673 2432 818 2476 tragen.
847 2429 938 2482 Hier

186 2486 236 2520 ist
276 2485 489 2528 corporibus
529 2481 715 2522 dasselbe,
761 2488 837 2511 was
875 2475 937 2511 bei

188 2532 287 2567 Suet.
318 2531 358 2566 O.
388 2535 407 2565 6
434 2530 662 2565 succollatus.
708 2524 855 2578 Ande-re
883 2535 936 2558 er-

188 2584 331 2626 ganzen
367 2578 642 2613 circumdedisse
679 2585 745 2609 aus
784 2582 936 2607 circum-

188 2629 320 2663 darent
346 2627 396 2669 (Z.
425 2628 472 2669 4).
589 2672 592 2673 γ

237 2679 268 2710 3.
298 2674 437 2709 Galbae
462 2671 602 2716 statua]
631 2670 706 2715 vgl.
727 2668 769 2702 A.
791 2665 869 2710 XV,
891 2669 936 2700 29

188 2723 304 2758 medio
342 2720 508 2755 tribunal
550 2719 664 2753 sedem
702 2714 862 2751 curulem
905 2716 938 2748 et

189 2770 286 2805 sedes
311 2769 466 2813 effiqiem
491 2766 651 2801 Neronis
676 2761 887 2799 sustinebat.

238 2817 396 2851 medium
414 2817 510 2850 inter
529 2814 637 2858 siqna
659 2808 845 2852 Othonem]
862 2807 936 2851 vgl.
967 2805 969 2807 ’

191 2863 234 2906 ΙΙ,
249 2868 293 2898 29
310 2863 575 2899 circumdatum
589 2856 815 2904 (Valentem)
833 2855 937 2898 aqui-

191 2912 236 2946 lis
261 2912 446 2956 siqnisque
471 2911 512 2945 in
536 2908 703 2944 tribwnal
728 2905 862 2949 serunt.

1004 1114 1034 1139 c.
1055 1107 1100 1137 53
1121 1104 1162 1137 in
1187 1113 1226 1138 eo
1252 1103 1332 1146 ipso
1356 1106 1583 1138 sacramento
1607 1103 1752 1138 vexillis

1005 1151 1194 1193 inferioris
1208 1149 1428 1185 Germaniae
1442 1154 1663 1194 praeventus
1675 1154 1754 1186 erat

1004 1208 1178 1242 ungenau
1204 1197 1264 1232 fiir
1288 1198 1483 1241 manipuli.

1054 1249 1084 1280 5.
1119 1245 1254 1291 caveri]
1290 1245 1345 1280 als
1376 1244 1596 1289 Galbianer,
1633 1245 1754 1280 denen

1006 1292 1121 1327 daher
1145 1292 1239 1327 auch
1261 1292 1326 1327 der
1340 1293 1478 1327 Zutritt
1497 1305 1541 1327 zu
1555 1292 1654 1328 Otho
1675 1303 1755 1329 ver-

1005 1340 1126 1375 wehrt
1150 1339 1243 1374 wird
1269 1340 1318 1384 (Z.
1347 1344 1393 1376 4).

1053 1390 1207 1431 strepere
1233 1387 1381 1433 cuncta]
1412 1386 1509 1422 ‘lant
1531 1386 1690 1422 schallte
1716 1398 1755 1423 es

1006 1434 1099 1469 aller
1126 1434 1277 1477 Orten'3
1311 1438 1446 1470 cuncta
1470 1434 1520 1470 ist
1546 1435 1642 1469 nach
1668 1435 1754 1470 dem

1005 1481 1184 1526 Vorgang
1210 1492 1283 1517 von
1309 1482 1388 1517 Liv.
1404 1481 1518 1525 XXII,
1537 1486 1592 1525 19,
1609 1487 1629 1518 9
1649 1483 1755 1518 vario

1007 1530 1131 1564 omnia
1149 1531 1310 1564 tumultu
1325 1533 1491 1574 strepunt
1497 1543 1510 1571 ;
1530 1529 1648 1572 XXV,
1662 1533 1718 1573 25,
1734 1533 1756 1564 9

1007 1588 1088 1612 eum
1113 1578 1237 1612 omnia
1262 1581 1396 1612 terrore
1422 1588 1465 1612 ac
1484 1577 1645 1612 tumultu
1668 1580 1757 1612 stre-

1001 1627 1130 1668 perent
1162 1636 1237 1659 von
1269 1624 1333 1658 der
1359 1615 1586 1658 Ortlichkeit
1610 1624 1756 1669 gesagt,

1007 1672 1076 1706 wie
1092 1671 1135 1706 H.
1150 1671 1212 1714 IV,
1223 1675 1268 1706 29
1287 1672 1433 1707 misceri
1452 1675 1584 1706 cuncta
1601 1672 1757 1707 tenebris

1007 1722 1039 1753 et
1058 1719 1172 1753 armis
1191 1719 1309 1761 iubet,·
1329 1730 1359 1754 c.
1375 1723 1419 1754 49
1440 1722 1572 1754 cuneta
1591 1719 1757 1754 clamori-

1008 1766 1074 1801 bus
1105 1766 1323 1808 miscebant,·
1358 1765 1401 1810 V,
1428 1769 1472 1801 22
1508 1767 1646 1811 gaudio
1681 1767 1757 1801 cla-

1007 1813 1237 1857 moribusque
1249 1816 1382 1849 cwneta
1394 1814 1591 1848 miscebant
1596 1827 1610 1856 ;
1623 1812 1666 1848 A.
1675 1812 1757 1857 XII,

1007 1864 1052 1895 47
1065 1861 1228 1896 coniunx
1245 1864 1375 1896 cuncta
1392 1861 1649 1896 lamentatione
1666 1871 1757 1897 com-

1002 1908 1129 1952 plebat
1138 1921 1151 1950 ,-
1188 1906 1281 1942 Plin.
1309 1919 1394 1952 pan.
1422 1911 1484 1951 23,
1512 1912 1532 1943 5
1558 1909 1672 1953 plena
1703 1908 1756 1943 al·

1007 1955 1162 1997 taribus,
1191 1959 1351 1999 anqusta
1375 1956 1532 1990 victimis
1557 1959 1700 1991 cwncta.

1057 2005 1089 2037 7.
1110 2002 1240 2045 variis]
1262 2001 1321 2035 fiir
1339 2002 1515 2044 variatis,·
1535 2002 1627 2037 iiber
1638 2003 1757 2047 seqnis

1008 2060 1035 2083 s.
1062 2060 1107 2082 zu
1134 2059 1162 2082 c.
1191 2052 1247 2092 33,
1274 2052 1306 2084 3.
1357 2048 1527 2083 Burnouf
1548 2050 1758 2085 vermutete

1008 2095 1115 2130 vanis
1141 2094 1200 2129 fiir
1224 2097 1351 2131 variis.

1056 2146 1105 2179 ut.
1122 2143 1308 2189 quemque]
1337 2154 1363 2178 s,
1390 2155 1434 2178 zu
1460 2154 1490 2178 c.
1517 2146 1573 2186 29,
1600 2147 1633 2178 4.

1058 2193 1089 2225 9.
1124 2191 1253 2236 armis]
1287 2190 1362 2225 Das
1397 2190 1641 2226 unmittelbar
1675 2201 1758 2226 vor-

1009 2238 1248 2282 hergehende
1262 2248 1442 2282 prensare
1459 2238 1630 2273 manibus
1643 2238 1756 2273 sowie

1009 2288 1124 2329 rapta*
1139 2286 1264 2320 statim
1284 2296 1389 2320 arma
1403 2286 1448 2330 (c.
1464 2289 1522 2329 38,
1538 2286 1596 2328 12)
1615 2285 1759 2330 spricht.

1010 2332 1136 2375 dafiir,
1173 2331 1253 2367 dass
1279 2332 1360 2367 hier
1384 2333 1496 2375 armi,
1521 2332 1627 2367 nicht
1652 2342 1758 2368 arma

1010 2379 1177 2425 gemeint
1209 2379 1307 2423 sind,
1340 2379 1412 2414 wie
1437 2378 1534 2415 auch
1559 2379 1620 2414 bei
1645 2379 1757 2425 Verg.

1010 2429 1101 2461 Aen.
1129 2425 1210 2471 XII,
1237 2430 1305 2462 433
1326 2427 1376 2471 fg.
1406 2430 1599 2472 postquam
1623 2427 1759 2462 habilis

1011 2475 1118 2509 lateri
1132 2475 1268 2518 clipeus
1287 2475 1470 2519 loricaque
1482 2477 1625 2519 terqost,
1642 2474 1758 2510 Asea-

1010 2522 1113 2556 nium
1124 2522 1220 2564 fusis
1230 2522 1367 2556 circum
1377 2522 1626 2566 complectitur
1633 2522 1757 2557 armis.

1009 2569 1097 2613 Vgl.
1124 2568 1215 2603 Aen.
1241 2568 1303 2613 IV,
1332 2572 1374 2603 11
1401 2580 1503 2614 quem
1527 2579 1598 2604 sese
1623 2579 1683 2604 ore
1706 2569 1756 2612 fe-

1010 2627 1110 2659 rens,
1143 2627 1251 2660 quam
1284 2617 1375 2659 forti
1404 2620 1542 2661 pectore
1566 2619 1599 2651 et
1624 2617 1757 2651 armis!

1011 2664 1063 2698 Zu
1075 2674 1250 2707 prensare
1264 2663 1339 2708 vgl.
1351 2663 1445 2700 Plin.
1458 2674 1514 2708 ep.
1527 2664 1572 2707 II,
1583 2667 1603 2698 9
1620 2673 1756 2708 prenso

1011 2712 1157 2754 amieos,
1183 2711 1362 2755 supplico,
1389 2711 1517 2746 ambio.

1060 2758 1186 2804 iuxta]
1213 2756 1406 2793 adverbial
1431 2758 1488 2792 fiir
1512 2758 1620 2793 iuaeta
1643 2767 1689 2793 se.

1057 2806 1203 2850 praeire
1237 2809 1503 2840 sacramentum
1540 2804 1626 2840 ‘den
1663 2803 1755 2839 Hul-

1013 2852 1234 2897 digungseid
1248 2863 1430 2897 vorsagen
1449 2852 1524 2887 und
1542 2852 1757 2896 nachsagen

1013 2900 1164 2945 lassen',
1191 2900 1261 2935 wie
1287 2899 1331 2944 II,
1360 2903 1415 2945 74,
1440 2903 1473 2934 2.
