1875 3214
231 113 286 155 98
751 107 913 143 TACITI
938 105 1273 141 HISTORLARUM

233 224 344 263 ducis
365 222 532 273 mitigati
555 220 601 259 ab
629 219 780 258 excidio
808 219 976 257 civitatis
1003 223 1291 268 temperavere3
1319 228 1431 254 caesa
1457 221 1588 255 tamen
1607 215 1654 254 ad
1682 220 1792 266 quat-

233 289 324 322 tuor
356 281 462 320 milia
493 280 708 318 hominum.
752 279 864 328 isque
898 282 1028 316 terror
1061 275 1202 314 Gallias
1234 276 1387 327 invasit,
1419 280 1464 313 ut
1497 275 1670 313 venienti
1701 286 1791 312 mox

234 342 380 392 agmini
404 341 612 378 universae
650 338 828 376 civitates
860 348 950 375 cum
983 334 1277 385 magistratibus
1316 339 1355 372 et
1392 333 1577 385 precibus
1610 345 1793 372 occurre-

232 407 338 451 rent,
372 400 505 438 stratis
537 410 609 448 per
640 398 721 435 vias
754 396 909 434 feminis
948 395 1181 446 puerisque,
1220 405 1398 444 quaeque
1437 392 1509 431 alia
1546 392 1791 443 placamenta

164 470 207 500 10
234 459 387 498 hostilis
418 460 500 496 irae
532 469 612 495 non
644 455 802 506 quidem
835 456 874 492 in
907 453 1027 505 bello,
1061 452 1129 491 sed
1161 464 1233 503 pro
1265 463 1361 503 pace
1393 450 1667 490 tendebantur.

163 518 220 559 64

351 517 541 556 Nuntium
574 516 621 554 de
654 514 772 553 caede
800 513 942 551 Galbae
969 517 1008 551 et
1034 513 1199 562 imperio
1224 510 1391 549 Othonis
1417 510 1560 549 Fabius
1586 509 1726 548 Valens
1752 511 1794 547 in

235 579 390 616 civitate
423 576 646 615 Leucorum
684 574 847 623 accepit.

235 667 376 702 sowohl
409 666 478 700 mit
510 665 594 700 dem
622 663 760 708 Objekt
787 663 976 706 (exceptos)

235 714 290 749 als
328 714 398 748 mit
433 713 517 747 dem
550 711 707 755 Subjekt
739 710 802 744 des
835 709 977 753 Haupt-

236 763 353 796 satzes
381 761 527 805 (pavor)
554 757 740 792 identisch
767 756 855 791 sein.
893 755 977 799 Vgl.

236 821 265 844 c.
282 812 325 843 62
351 809 497 852 siynum
512 804 751 851 profectionis
770 807 978 848 exposcunt,

235 856 379 890 nomine
417 853 628 888 Germanici
670 851 813 886 Vitellio
856 851 978 885 statim

236 904 381 943 acldito,·
425 900 492 944 HI,
523 903 569 934 80
600 900 728 944 plures
765 899 883 942 raptis

236 951 316 985 telis
340 950 485 995 siynum
504 958 654 992 puynae
673 948 889 990 exposcunt;
916 945 978 987 IV,

237 1001 281 1032 37
307 998 381 1041 ipsi
406 997 525 1040 raptis
551 998 676 1029 temere
701 994 813 1028 armis
839 1003 882 1027 ac
906 995 978 1026 sta-

236 1046 301 1079 tim
345 1044 484 1078 omissis
521 1043 563 1076 in
605 1042 730 1085 fuqam
768 1043 960 1074 vertuntur
968 1052 980 1081 ‚-

236 1092 280 1135 V,
309 1095 351 1126 19
384 1091 520 1135 raptis,
559 1100 650 1133 quae
680 1089 772 1131 ferri
797 1090 980 1131 poterant,

237 1139 362 1174 ceteris
386 1139 518 1172 iniecto
543 1137 624 1180 iqui
648 1136 690 1170 in
714 1136 873 1169 insulam
900 1145 981 1168 con-

238 1187 340 1222 cessit
366 1184 538 1229 (Civilis).
584 1184 654 1217 Zur
678 1182 879 1225 Wendung
895 1182 982 1215 ‘iere

237 1235 287 1268 acl
313 1233 454 1268 caedem
487 1231 561 1276 vgl.
589 1231 632 1264 A.
659 1229 761 1273 XIII,
791 1233 810 1263 2
842 1230 983 1263 ibatur-

239 1292 305 1327 que
324 1281 373 1315 ad
393 1280 516 1314 caedes
524 1292 536 1320 ,·
562 1277 588 1321 I,
605 1281 648 1312 55
664 1280 748 1321 post
767 1277 863 1321 quod
884 1279 983 1320 (eon-

239 1327 393 1371 vivium)
410 1328 451 1361 in
466 1337 570 1361 arma
582 1326 675 1359 itum
689 1325 793 1368 (est);
820 1323 864 1357 H.
880 1322 923 1366 ΙΙ,
940 1326 982 1357 66

240 1387 263 1410 α
276 1375 451 1410 conviviis
471 1374 520 1408 ad
540 1373 679 1407 caedem
699 1371 887 1406 transiere.
915 1370 985 1404 Zur

240 1423 349 1457 Form
376 1423 448 1456 iere
477 1420 550 1464 vgl.
578 1420 629 1464 ΙΙ,
659 1422 701 1453 14
728 1419 900 1453 adversus
924 1418 984 1452 ho-

239 1474 325 1505 stem
350 1469 430 1504 iere.

288 1517 409 1552 causis
433 1515 598 1560 incertis]
632 1513 786 1547 Tacitus
815 1512 910 1546 liebt
935 1522 985 1555 es,

240 1564 310 1599 mit
336 1564 420 1598 dem
441 1561 638 1597 absoluten
658 1559 813 1594 Ablativ
835 1558 898 1594 des
920 1559 985 1592 ob—

242 1611 454 1646 waltenden
491 1609 716 1644 Umstandes
756 1607 863 1641 einen
900 1605 986 1640 Satz

242 1656 539 1694 abzuschliefsen
572 1656 661 1691 oder
695 1654 802 1689 einen
835 1654 986 1688 solchen

242 1706 326 1740 Abl.
366 1705 452 1739 dem
489 1703 653 1738 Verbum
690 1701 985 1742 naehzustellen3

242 1754 316 1798 vgl.
350 1751 392 1786 A.
420 1752 453 1794 I,
482 1755 524 1785 16
559 1750 796 1784 Pannonicas
834 1748 987 1792 leyiones

242 1801 370 1836 seditio
395 1799 560 1840 incessit,
586 1798 699 1832 nullis
724 1797 827 1831 novis
846 1795 966 1830 causis
975 1808 987 1836 ,-

244 1860 271 1883 ο.
294 1851 339 1882 24
359 1850 399 1882 ut
419 1847 584 1881 Drusum
606 1874 612 1880 .
636 1872 642 1879 .
665 1872 672 1879 .
694 1845 847 1878 mitteret
874 1843 988 1877 nullis

243 1896 334 1930 satis
360 1895 464 1929 certis
489 1892 693 1935 mandatis,
720 1902 762 1926 ex
787 1901 825 1925 re
848 1889 986 1924 consul-

243 1946 388 1984 turum,·
432 1940 534 1983 XVI,
564 1943 604 1974 17
645 1950 680 1974 se
717 1938 859 1983 quidem
896 1937 989 1971 mori

244 1990 357 2025 nullis
382 1988 559 2032 supplicii
585 1987 715 2022 causis.
763 1985 797 2020 S.
823 1984 919 2019 noch
946 1995 988 2017 zu

245 2048 274 2073 e.
302 2040 359 2081 20,
386 2039 418 2071 4.

293 2089 324 2120 6.
340 2082 589 2128 temperavere]
603 2079 789 2116 ‘Abstand
797 2078 988 2120 nahmen’3

245 2131 319 2177 vgl.
346 2131 457 2175 'Vergn
484 2130 574 2164 Aen.
602 2128 647 2172 ΙΙ,
673 2133 692 2163 8
720 2128 800 2172 quis
826 2129 989 2171 temperet

246 2190 270 2213 a
290 2177 478 2213 lacrimis?
500 2176 615 2211 Grani
634 2174 817 2210 Liciniani
836 2174 878 2207 fr.
896 2186 931 2218 p.
945 2177 988 2207 27

246 2237 310 2261 nec
347 2226 539 2270 quisquam
576 2224 736 2259 omnium
775 2234 797 2256 a
829 2221 990 2255 lacrimis

246 2274 365 2318 potuit
392 2277 608 2316 temperarc;
635 2270 735 2305 Caes.
762 2268 797 2303 b.
821 2268 860 2302 G.
882 2267 909 2311 I,
927 2271 989 2310 7,5

247 2322 292 2355 ab
325 2321 469 2354 iniuria
505 2322 535 2353 et
566 2318 741 2361 maleficio
778 2319 991 2360 temperare,-

246 2367 323 2401 Liv.
352 2367 412 2411 VI,
443 2371 498 2409 17,
519 2370 550 2400 8.
578 2365 657 2408 VlI,
678 2368 734 2407 20,
757 2368 776 2397 9
804 2364 848 2398 ab
876 2374 990 2407 oppu-

247 2415 418 2460 9natione
455 2414 602 2448 urbium
640 2416 853 2456 temperare;
896 2409 989 2443 Plin.

249 2473 304 2506 ep.
334 2461 383 2504 ΙΙ,
411 2465 448 2503 5,
477 2464 497 2495 8
530 2472 553 2495 a
575 2461 755 2506 plerisque
788 2459 877 2493 cibis
908 2461 991 2491 tem-

243 2520 385 2555 perare.
424 2507 506 2551 Vgl.
536 2520 578 2541 zu
606 2519 634 2542 c.
664 2511 718 2549 69,
746 2510 777 2541 4.

299 2560 329 2591 7.
360 2556 458 2600 mose]
489 2567 531 2588 zu
558 2566 586 2588 c.
617 2559 646 2597 1,
676 2558 705 2588 7.

299 2606 329 2638 8.
359 2614 438 2637 cum
458 2602 731 2645 mayistratibus
752 2603 783 2634 et
804 2599 990 2644 precibus]

247 2649 291 2686 ἲν
312 2648 375 2684 διὰ
398 2651 505 2684 δυοῖν
530 2650 589 2682 fiir
614 2659 695 2682 cum
718 2647 992 2692 mayistratibus

249 2699 392 2734 veniam
411 2696 648 2742 precantibus
675 2695 757 2739 (wie
780 2695 823 2737 ll,
841 2698 884 2730 88
913 2705 993 2728 cum

251 2749 385 2780 terrore
410 2748 441 2779 et
468 2746 691 2778 armatorum
723 2743 874 2776 catervis
905 2742 993 2776 voli-

251 2793 399 2833 tabant;
426 2791 451 2834 Ι,
477 2795 519 2825 67
546 2791 640 2835 quod
667 2788 892 2833 (castellnm)
917 2789 994 2823 suis

251 2840 429 2874 militibus
468 2850 510 2873 ac
545 2837 736 2881 stipendiis
774 2837 994 2879 tuebantur),

253 2898 359 2921 wenn
411 2885 515 2920 nieht
564 2884 744 2920 vielmehr
794 2882 863 2918 mit
901 2882 994 2917 Wex

910 584 982 610 nec
1023 571 1192 609 militum
1230 571 1382 609 animus
1426 571 1467 608 in
1504 569 1690 620 gaudium
1729 574 1796 607 aut

1046 661 1282 704 principibus
1307 660 1399 694 stau
1418 659 1590 702 precibus
1622 671 1666 693 zu
1690 658 1794 692 lesen

1050 708 1108 743 ist.
1154 706 1300 742 Ebenso
1326 707 1376 741 ist,
1400 706 1444 750 II,
1472 710 1503 750 6,
1532 711 1552 741 2
1580 706 1639 741 die
1665 706 1797 740 Lesart

1052 756 1126 792 des,
1141 755 1327 789 Mediceus
1346 754 1518 798 precibus
1543 765 1608 788 aus
1628 753 1792 798 pernici-

1052 803 1116 837 bus
1142 802 1374 836 entstanclen.

1099 859 1130 889 9.
1165 855 1276 898 pueri
1307 853 1387 888 hier
1413 852 1598 896 ‘'Kinder’,
1625 851 1694 887 wie
1720 851 1796 895 fra-

1051 906 1121 937 tres
1149 900 1439 936 ‘Gesohwister’.
1471 901 1544 934 Fiir
1568 899 1714 943 feminis
1739 910 1794 933 er—

1052 951 1205 984 wartete
1238 960 1325 983 man
1359 948 1429 982 den
1461 957 1670 992 genaueren
1701 947 1794 980 Aus-

1052 996 1169 1031 drnck
1188 996 1400 1030 mulieribus
1422 994 1515 1040 (Liv.
1533 993 1665 1036 XXIX,
1677 997 1733 1036 28,
1747 994 1792 1037 3).

1100 1060 1259 1094 quaeque
1279 1049 1356 1083 alia
1373 1049 1605 1092 placamenta
1621 1067 1661 1072 —
1677 1047 1796 1081 tende·

1054 1098 1204 1142 bantur]
1233 1097 1285 1130 im
1311 1095 1428 1130 freien
1447 1093 1646 1129 Anschlul's
1671 1105 1718 1128 an
1738 1093 1798 1128 die

1054 1143 1388 1189 vorhergehenden
1408 1142 1491 1176 Abl.
1513 1143 1590 1176 abs.
1614 1141 1704 1175 ‘und
1723 1150 1799 1174 was

1057 1193 1159 1227 sonst
1168 1192 1265 1226 noch
1279 1191 1337 1225 fiir
1346 1189 1471 1224 Mittel
1484 1201 1547 1224 zur
1559 1188 1801 1233 Begfitigung

1056 1259 1102 1264 —
1128 1239 1359 1283 dargeboten
1383 1236 1563 1272 wurden’.
1599 1235 1685 1280 Vgl.
1712 1234 1758 1278 II,
1778 1238 1803 1268 4

1060 1286 1168 1321 Titus
1204 1289 1366 1331 spectata
1403 1284 1591 1328 opulentia
1629 1279 1802 1326 denisque

1056 1345 1192 1378 reyum,
1213 1344 1372 1378 quaeque
1392 1332 1469 1366 alia
1489 1332 1621 1366 laetum
1640 1329 1802 1374 antiqui-

1057 1381 1195 1416 tatibus
1235 1379 1457 1415 Graecorum
1493 1389 1606 1423 yenus
1643 1378 1802 1412 incertae

1058 1429 1227 1464 vetustati
1269 1427 1443 1471 aclfinyit,
1489 1426 1532 1461 de
1568 1424 1803 1470 naviyatione

1053 1477 1218 1521 primum
1244 1475 1437 1509 consuluit.

1109 1533 1162 1563 10.
1199 1539 1273 1563 non
1298 1527 1455 1572 quidem]
1491 1526 1587 1560 ohne
1613 1525 1698 1566 illa,
1731 1522 1800 1557 wie

1058 1576 1136 1611 Liv.
1158 1577 1184 1619 Ι,
1205 1579 1262 1618 29,
1277 1579 1308 1609 2.
1335 1574 1398 1618 IX,
1414 1577 1469 1618 17,
1485 1577 1540 1609 14.
1566 1570 1682 1614 XXV,
1698 1574 1754 1613 36,
1770 1573 1803 1604 2.

1106 1628 1363 1673 tendebantur]
1403 1627 1479 1662 scil.
1512 1624 1693 1671 porrectis
1725 1633 1803 1656 ma-
1873 1635 1875 1648 2

1059 1677 1179 1711 nibus.
1230 1676 1316 1720 Vgl.
1350 1674 1459 1719 Verg.
1493 1684 1620 1719 georg.
1647 1671 1710 1714 IV,
1736 1673 1806 1704 534

1061 1728 1100 1758 tu
1131 1735 1283 1758 numera
1313 1723 1467 1766 suppleat
1497 1721 1620 1761 tende‚·
1657 1717 1730 1752 Cic.
1758 1717 1804 1752 de

1062 1781 1111 1805 or.
1139 1771 1154 1803 I
1181 1774 1200 1812 ἓ
1230 1773 1296 1803 184
1334 1780 1434 1812 opem
1471 1767 1598 1802 amicis
1633 1769 1665 1800 et
1691 1774 1806 1809 prope

1061 1818 1200 1852 cunctis
1220 1817 1358 1851 civibus
1378 1817 1490 1850 lucem
1510 1814 1651 1858 inqenii
1670 1815 1702 1846 et
1721 1822 1806 1846 con-

1059 1866 1138 1900 silii
1167 1865 1226 1899 sui
1252 1864 1497 1909 porriyentem
1525 1865 1632 1905 atque
1656 1859 1804 1894 tenden-

1060 1916 1138 1947 tem.
1166 1913 1237 1945 Zur
1252 1911 1370 1945 sache
1390 1910 1463 1954 vgl.
1480 1921 1509 1944 c.
1523 1912 1567 1943 66
1590 1907 1806 1942 Viennenses
1873 1911 1875 1944 f

1060 1961 1259 1994 velamenta
1309 1961 1340 1992 et
1382 1957 1524 2000 infulas
1564 1954 1807 1999 praeferentes
1873 1945 1875 1988 l

1061 2008 1189 2051 flexere
1208 2006 1365 2039 militum
1385 2005 1544 2045 animos;
1570 2000 1632 2045 ΙΙΙ,
1647 2005 1690 2036 31
1712 2001 1806 2035 vela·
1874 2044 1875 2047 Ἴ

1061 2058 1181 2089 menta
1195 2057 1226 2087 et
1240 2052 1382 2095 infulas
1393 2062 1461 2096 pro
1474 2051 1589 2085 muris
1609 2050 1808 2090 ostentant,-

1062 2102 1139 2136 Liv.
1168 2100 1298 2143 XXIX,
1321 2103 1376 2142 16,
1398 2103 1417 2134 6
1442 2099 1642 2134 velamenta
1666 2095 1805 2139 suppli·

1063 2160 1162 2192 cum,
1188 2158 1308 2183 ramos
1333 2148 1429 2182 oleae
1450 2147 1651 2190 poryentes.
1687 2141 1806 2177 Woll-

1063 2196 1217 2238 binden,
1263 2194 1332 2229 mit
1371 2194 1490 2229 denen
1527 2192 1586 2226 die
1623 2190 1807 2231 verbenae,
1874 2213 1875 2230 ;

1064 2244 1098 2279 d.
1126 2243 1159 2278 h.
1188 2242 1248 2277 die
1273 2241 1484 2286 geweihten
1508 2238 1704 2280 Lorbeer-,
1731 2235 1807 2271 Oli·
1873 2271 1875 2276 ,

1064 2303 1146 2325 ven·
1164 2290 1252 2325 oder
1267 2287 1564 2333 Myrtenzweige,
1585 2283 1809 2320 umwunden

1065 2349 1204 2380 waren,
1244 2336 1372 2380 galten
1409 2335 1464 2369 als
1498 2331 1709 2368 Abzeichen
1744 2329 1809 2365 der

1066 2384 1412 2419 Schutzflehenden:
1440 2380 1513 2416 Cic.
1541 2390 1617 2415 ace.
1643 2378 1683 2413 in
1703 2378 1808 2413 Verr.

1064 2432 1114 2467 IV
1126 2436 1144 2475 ξ
1159 2435 1224 2466 110
1235 2434 1380 2476 praesto
1393 2430 1483 2464 mihi
1495 2427 1693 2463 sacerdotes
1709 2424 1807 2460 Gere-

1064 2481 1117 2515 ris
1143 2491 1222 2514 eum
1248 2478 1380 2521 infulis
1400 2488 1442 2512 ac
1460 2475 1622 2512 verbenis
1645 2474 1808 2517 fuerunt.

1114 2585 1175 2620 64.
1214 2589 1243 2620 1.
1270 2582 1436 2628 imperio]
1464 2593 1490 2616 s.
1519 2593 1563 2615 zu
1589 2591 1618 2616 0.
1645 2583 1678 2624 4,
1705 2582 1736 2614 8.

1113 2643 1144 2674 2.
1179 2637 1312 2680 Leuci,
1351 2635 1410 2671 ein
1446 2633 1644 2680 gallischer
1675 2631 1809 2667 Volks-

1067 2688 1202 2722 stamm
1222 2685 1257 2719 in
1273 2683 1425 2727 Belgica
1439 2681 1621 2717 zwisehen
1636 2679 1809 2714 Matrona

1066 2734 1104 2779 (j.
1127 2732 1268 2776 Marne)
1289 2732 1364 2765 und
1385 2729 1539 2765 Mosella
1562 2728 1601 2773 (j.
1615 2726 1745 2770 Mosel)
1770 2725 1809 2760 in

1067 2783 1131 2816 der
1158 2779 1311 2824 Gegend
1336 2789 1409 2813 von
1434 2776 1537 2812 Toul.

1114 2836 1155 2869 in
1179 2833 1355 2879 qaudium
1381 2834 1445 2866 aut
1470 2827 1680 2873 formidine]
1709 2838 1736 2862 s.
1759 2837 1809 2875 'zu

1069 2894 1098 2916 e.
1126 2887 1182 2925 35,
1211 2884 1264 2914 11.
