1875 3214
598 123 746 158 LIBER
772 123 799 158 Ι.
845 121 947 158 CAP.
976 125 1128 158 37—38.
1599 120 1655 161 65

74 247 172 276 nore
205 235 368 274 avaritia
401 246 445 272 ac
473 233 633 273 licentia
665 238 868 286 grassatus
901 239 1007 271 esset
1034 231 1077 271 T.
1106 232 1260 284 Vinius,
1294 233 1328 271 si
1354 233 1440 284 ipse
1466 232 1658 283 imperas-

74 301 155 335 set:
188 307 294 334 nunc
329 300 367 333 et
394 293 596 332 subiectos
624 306 696 332 nos
723 292 862 332 habuit
888 297 1091 343 tamquam
1118 304 1212 331 suos
1241 297 1279 331 et
1306 291 1404 330 viles
1424 296 1469 331 ut
1496 291 1657 330 alienos.

75 367 152 395 una
185 354 250 393 illa
292 354 434 393 domus
474 353 623 393 sufficit
661 353 863 404 donativo,
910 351 1016 403 quod
1060 351 1171 391 vobis
1210 363 1428 403 numquam
1469 351 1586 390 datur
1620 356 1659 390 et

74 414 220 454 cotidie
254 409 546 465 exprobratur.'
1686 417 1732 449 25

193 470 265 513 ‘Ac
298 485 347 517 ne
381 485 457 524 qua
491 471 629 511 saltem
657 473 698 510 in
731 482 965 510 successore
994 469 1137 509 Galbae
1172 482 1263 521 spes
1294 476 1417 522 esset,
1451 471 1661 509 accersivit
1676 467 1731 509 38

75 533 123 572 ab
151 532 279 585 exilio,
308 544 427 584 quem
453 533 615 571 tristitia
644 537 683 570 et
710 532 873 570 avaritia
900 532 963 569 sui
984 530 1230 569 simillimum
1251 529 1462 569 iudicabat.
1494 530 1661 582 vidistis,

73 592 377 644 commilitones,
410 591 574 630 notabili
607 596 844 642 tempestate
878 592 997 629 etiam
1030 590 1125 629 deos
1160 590 1373 629 infaustam
1407 590 1662 641 adoptionem

74 657 313 692 aversantes.
388 651 494 690 idem
522 656 701 702 senatus,
738 650 843 689 idem
880 649 1017 701 populi
1038 649 1204 689 Romani
1232 651 1386 688 animus
1414 654 1491 688 est:
1531 654 1662 688 vestra

74 713 202 751 virtus
235 715 508 763 exspectatur,
542 710 647 762 apud
680 722 780 762 quos
808 722 923 748 omne
951 709 1130 748 honestis
1159 708 1337 748 consiliis
1358 708 1483 748 robur
1511 714 1550 747 et
1576 710 1662 747 sine
1690 716 1709 747 5

75 770 221 823 quibus
255 772 436 822 quamvis
469 772 628 822 egregia
666 769 836 809 invalida
871 774 975 808 sunt.
1027 781 1107 808 non
1140 769 1186 808 ad
1221 768 1370 808 bellum
1405 781 1473 807 vos
1506 781 1580 807 nec
1614 768 1661 807 ad

76 830 301 883 periculum
334 843 450 869 voco:
490 832 668 869 omnium
706 829 878 868 militum
912 841 1019 867 arma
1058 829 1269 868 nobiscum
1309 834 1412 868 sunt.
1477 841 1551 867 nec
1584 840 1663 866 una

76 882 220 929 coho'rs
246 895 377 941 togata
404 889 583 928 defendit
610 902 716 928 nunc
744 888 924 941 Galbam,
958 888 1027 927 sed
1056 888 1227 927 detinet:
1255 901 1346 927 cum
1376 900 1444 927 vos
1474 887 1662 939 adspexe-

75 951 145 1001 rit,
184 962 274 988 cum
308 951 467 1000 signum
500 962 631 989 meum
673 950 890 1000 acceperit,
931 948 1006 987 hoc
1040 948 1167 987 solum
1201 949 1278 986 erit
1318 953 1538 999 certamen,
1573 948 1662 999 quis

75 1009 174 1048 mihi
198 1008 417 1061 plurimum
444 1011 614 1061 inputet.
661 1008 794 1048 nullus
822 1009 1088 1047 cunctationis
1116 1007 1227 1047 locus
1255 1013 1316 1046 est
1343 1009 1383 1046 in
1411 1019 1457 1046 eo
1485 1007 1663 1059 consilio,

77 1112 141 1146 ten
164 1110 297 1147 Lesart
316 1112 478 1157 aeyialii.
515 1104 616 1146 Uber
641 1111 707 1146 ihn
734 1123 761 1146 s.
790 1123 834 1145 zu

79 1170 110 1194 c.
131 1162 187 1204 24,
210 1163 242 1194 2.
278 1159 555 1194 Orelli-Meiser
578 1159 665 1194 liest
686 1159 836 1204 Aeyiali

76 1207 173 1242 nach
217 1207 320 1242 einer
358 1206 538 1242 Inschrift
581 1207 642 1242 bei
680 1206 833 1241 Gruter:

79 1254 258 1300 Aeyialus
283 1255 381 1300 Auy.
414 1255 574 1290 libertus.

127 1303 339 1349 cupierunt]
375 1302 424 1337 So
456 1301 536 1337 lese
561 1302 622 1336 ich
651 1302 744 1336 stau
770 1301 835 1336 des

79 1350 270 1385 sinnlosen
301 1351 495 1395 perierunt
533 1350 598 1384 des
633 1349 835 1385 Medieeus.

78 1396 136 1432 Da
155 1398 221 1432 das
241 1400 338 1433 erste
359 1397 553 1443 Satzglied
580 1396 659 1432 sein
687 1397 836 1441 eigenes

79 1445 246 1480 Verbum
280 1446 435 1490 (rapuit)
478 1446 546 1480 hals
590 1445 667 1480 und
713 1445 835 1479 dieses

80 1492 163 1528 eine
200 1493 406 1528 markierte
440 1491 615 1538 Stellung
650 1503 716 1527 vor
752 1492 838 1527 dem

80 1539 261 1585 Subjekte
289 1541 505 1584 einnimmt,
544 1552 583 1575 so
616 1539 733 1583 muss‚
766 1540 836 1574 wie

81 1587 123 1623 G.
151 1589 346 1623 Andresen
377 1588 569 1632 bemerkt,
607 1588 673 1622 das
706 1587 837 1621 zweite

81 1635 247 1670 Verbum
273 1635 381 1670 einen
403 1635 613 1680 Gegensatz
639 1647 684 1669 zu
709 1636 838 1679 rapuit

80 1682 220 1718 bilden.
271 1683 366 1718 Dem
410 1682 511 1718 Verf.
558 1683 625 1717 hat:
670 1681 838 1717 offenbar

81 1729 141 1765 die
185 1730 375 1766 bekannte
416 1729 532 1765 Stelle
571 1741 637 1764 aus
676 1729 750 1765 Cic.
791 1729 837 1764 de

78 1777 169 1821 imp.
187 1777 249 1813 Cn.
271 1778 401 1822 Pomp.
423 1781 442 1820 ξ
463 1781 508 1812 28
529 1777 836 1822 vorgeschwebt:

74 1825 202 1869 plures
241 1826 458 1870 provincias
503 1826 680 1868 confecit,
727 1836 837 1870 quam

80 1872 151 1907 alii
190 1874 478 1918 concupiverunt
522 1875 586 1918 (sc.
627 1873 835 1918 conficere).

79 1918 166 1964 Vgl.
181 1919 280 1956 noch
293 1921 353 1956 die
368 1921 544 1956 'zihnliche
561 1920 837 1956 Konsbruk‘nion

79 1966 142 2002 bei
167 1967 241 2003 Cic.
269 1981 302 2013 p.
332 1968 438 2003 Sulla
463 1972 482 2011 ξ
510 1972 557 2003 84
586 1972 627 2003 ut
653 1979 715 2013 eyo
746 1969 837 2003 mihi

75 2015 165 2060 plus
190 2016 356 2060 adpetere
376 2027 494 2059 coner,
521 2027 631 2061 quam
657 2020 837 2061 quantum

81 2073 200 2098 omnes
235 2064 382 2099 inimici
416 2065 608 2108 invidique
635 2065 837 2108 patiantur

82 2113 147 2154 (sc.
183 2122 244 2147 me
283 2111 494 2156 adpetere),
540 2112 656 2146 durch
694 2111 836 2146 welche

83 2157 200 2193 Stelle
227 2159 324 2194 auch
351 2159 418 2194 das
444 2169 517 2193 von
540 2159 733 2194 Acidalius
760 2159 835 2193 und

80 2205 217 2240 Meiser
237 2206 509 2242 beansizandete
525 2207 622 2251 quod
639 2206 837 2251 geschiitzt

85 2253 235 2288 werden
261 2254 396 2289 dfirfte.

131 2304 188 2335 22.
215 2302 383 2348 yrassari
410 2301 597 2337 ‘hausen'.

98 2362 101 2366 ·
130 2352 188 2384 23.
223 2350 353 2385 habere
389 2349 637 2391 ‘behande1n‚
671 2349 837 2384 ansehen

83 2395 175 2440 als'3
203 2396 280 2442 vgl.
294 2397 358 2442 IV,
376 2400 420 2431 14
440 2399 508 2442 (se)
529 2401 716 2442 tamquam
735 2408 836 2432 man-

82 2445 184 2488 cipia
201 2445 338 2480 haberi.
369 2445 573 2490 Tamquam
592 2456 676 2480 suos
698 2444 838 2489 ‘gleich

82 2492 154 2526 wie
175 2491 255 2527 sein
270 2491 509 2537 Eigentum’3
530 2493 617 2528 viles
640 2492 712 2526 ‘als
731 2494 838 2527 wert-

82 2539 174 2583 los’3
209 2543 251 2575 ut
282 2541 420 2576 alienos
456 2539 528 2575 “als
562 2539 745 2584 gehorten
770 2540 839 2575 wir

83 2586 206 2621 einem
232 2588 387 2623 andern'
419 2589 462 2633 (s.
489 2600 533 2622 zu
560 2599 589 2622 c.
618 2591 675 2630 22,
703 2589 749 2629 4).

134 2638 190 2669 24.
218 2647 296 2670 una
321 2636 391 2670 illa
416 2635 560 2681 domus]
590 2646 638 2671 sc,
665 2635 765 2669 Iceli.

132 2685 190 2717 25.
259 2683 520 2729 exprobratur]
590 2682 840 2727 ‘vorgeriickt

85 2728 216 2773 wird’,
259 2729 347 2766 weil
390 2730 450 2765 ihr
494 2742 532 2765 es
571 2730 838 2774 beansprucht.

85 2776 172 2821 Vgl.
200 2788 230 2812 c.
260 2781 303 2812 18
330 2789 399 2823 per
431 2781 562 2813 ceteros
587 2778 771 2812 mcoestz'tia
797 2789 840 2812 ac

86 2825 284 2868 silentium,
299 2829 484 2871 tamquam
498 2829 718 2870 usurpatam
732 2826 840 2860 etiam

87 2872 129 2906 in
151 2883 245 2916 pace
275 2874 444 2908 donativi
477 2875 721 2909 necessitatem
751 2873 840 2908 bello

83 2920 341 2963 perdidissent.
392 2921 587 2956 Prammer
631 2920 739 2955 weist
777 2920 842 2955 auf

159 2985 272 3011 'sacrm
292 2993 374 3013 msr.
393 2988 417 3013 Ι.
448 3011 454 3017 ,

910 1110 1050 1146 Galbas
1084 1110 1200 1146 stolze
1227 1101 1439 1155 Kusserung
1471 1109 1556 1145 hin:
1597 1110 1667 1155 leqi

910 1170 933 1193 a
958 1169 994 1193 se
1020 1159 1189 1200 militem,
1214 1169 1290 1193 non
1316 1159 1386 1193 emi
1411 1160 1455 1202 (c,
1484 1159 1530 1203 5).

958 1253 1021 1289 38.
1068 1258 1099 1289 2.
1141 1253 1296 1289 tristitia
1332 1252 1666 1295 ‘unfreundliches‚

909 1302 1097 1344 finsteres,
1137 1301 1364 1345 gramliches
1401 1299 1561 1335 Wesen'
1603 1300 1666 1335 be-

911 1349 1083 1385 zeichnet
1116 1348 1232 1384 efters
1263 1349 1323 1383 die
1350 1349 1569 1393 Ausartung
1601 1348 1667 1383 der

910 1398 1096 1441 severitas,
1118 1396 1200 1432 eine
1216 1396 1490 1442 griesgr'ztmige
1507 1396 1666 1440 Strenge

911 1456 1032 1490 gegen
1059 1445 1208 1479 andere.
1247 1445 1330 1489 Vgl.
1359 1455 1388 1478 c.
1420 1447 1464 1478 14
1490 1455 1533 1479 ex
1559 1444 1666 1479 aesti-

911 1493 1070 1527 matione
1090 1495 1189 1526 recta
1207 1502 1363 1533 severus,
1382 1492 1540 1527 eleterius
1554 1492 1667 1526 inter-

905 1540 1142 1585 pretantibus
1167 1540 1310 1574 tristior
1336 1540 1549 1574 habebatur.

960 1591 992 1623 3.
1044 1588 1202 1622 notabili
1248 1587 1472 1633 tempestate]
1528 1586 1667 1621 ‘durch

912 1634 1162 1670 auffallendes
1190 1635 1426 1678 Unwetter'3
1460 1635 1535 1680 vgl.
1563 1646 1592 1669 c.
1621 1638 1666 1668 55

910 1683 1113 1718 notabilius
1146 1683 1393 1717 turbantibus.
1447 1682 1520 1717 Zur
1547 1681 1666 1717 Sache

911 1731 987 1776 vgl.
1010 1741 1039 1766 c.
1064 1734 1107 1765 18
1134 1733 1307 1775 quartum
1334 1731 1420 1765 idus
1444 1730 1667 1771 Ianuarias,

910 1779 1057 1822 foedum
1090 1779 1269 1813 imbribus
1295 1778 1408 1820 diem,
1441 1779 1609 1813 tonitrua
1634 1781 1667 1812 et

911 1827 1064 1871 [αἴραν-α
1092 1830 1124 1861 et
1149 1827 1312 1861 caelestes
1338 1827 1461 1861 minae
1483 1827 1585 1861 ultra
1612 1836 1666 1861 so-

912 1875 1017 1909 litum
1044 1874 1294 1909 turbaverant.

960 1924 992 1956 5.
1038 1922 1187 1956 honesta
1231 1921 1387 1956 consilia
1429 1920 1665 1956 ‘ehrenhafte

911 1969 1137 2011 Absicfflen,
1164 1968 1331 2004 loblicbe
1358 1967 1616 2014 Massregeln’.

959 2017 1087 2063 robur]
1128 2017 1232 2051 Dazu
1272 2027 1348 2061 erg.
1387 2020 1439 2051 est
1478 2028 1544 2051 aus
1581 2016 1667 2051 dem

910 2065 1115 2109 folgenden
1140 2067 1237 2100 sunt.

960 2116 991 2146 8.
1030 2112 1170 2157 toyata]
1205 2111 1289 2146 Von
1323 2111 1426 2146 einer
1460 2111 1666 2156 ordnungs-

911 2159 1097 2204 massigen
1141 2159 1407 2203 Verwendung
1451 2159 1516 2193 der
1562 2159 1667 2204 Toga

912 2207 1012 2241 beim
1027 2206 1171 2241 Militar
1190 2207 1307 2242 findet,
1324 2206 1405 2241 sich
1425 2206 1535 2241 keine
1551 2206 1667 2251 Spin-3

911 2255 1027 2290 daher
1064 2254 1115 2289 ist
1154 2255 1251 2289 auch
1295 2254 1378 2289 hier
1416 2253 1498 2289 eine
1540 2254 1667 2289 solche

910 2301 1017 2337 nicht:
1042 2303 1312 2345 anzunehmen,
1340 2301 1523 2337 vielmehr
1542 2306 1668 2347 toyata

911 2350 1009 2385 nach
1046 2349 1233 2394 Analogie
1278 2360 1352 2385 von
1393 2350 1523 2384 cedant
1561 2362 1666 2386 arma

911 2401 1015 2442 toqae
1043 2396 1132 2442 (Cic.
1161 2397 1206 2431 de
1228 2396 1287 2433 off.
1309 2398 1325 2431 I
1347 2401 1366 2439 ἓ
1388 2399 1446 2441 77)
1472 2396 1525 2432 im
1553 2397 1667 2433 Sinne

912 2456 986 2480 von
1015 2444 1234 2487 ‘friedlich',
1272 2445 1425 2490 speziell
1460 2445 1666 2490 ‘ungepan-

913 2493 1005 2528 zert’
1037 2493 1285 2528 aufzufassen.
1321 2492 1405 2527 Alb.
1434 2491 1581 2528 Miiller.

960 2540 1111 2586 detinet]
1148 2541 1245 2575 ‘halt
1270 2540 1335 2575 ihn
1361 2540 1453 2584 fest,
1476 2540 1576 2575 'lasst
1602 2540 1667 2574 ihn

911 2588 1018 2622 nicht
1055 2588 1147 2632 los',
1186 2588 1220 2624 d.
1254 2588 1290 2623 h.
1328 2587 1547 2623 verhindert
1587 2588 1668 2622 sein

912 2635 1136 2671 Entfliehen.

961 2687 992 2717 9.
1021 2684 1183 2730 siynum]
1203 2683 1559 2728 ‘Losung‚Parole'.
1592 2682 1668 2716 Der

913 2731 1119 2776 imperator
1144 2732 1218 2776 gab
1244 2730 1304 2766 die
1325 2731 1458 2765 Parole
1480 2730 1563 2763 dem
1587 2729 1666 2764 Tri-

911 2779 986 2813 bun
1000 2778 1065 2813 der
1074 2778 1397 2813 wachthabenden
1407 2777 1667 2821 pratorischen

912 2826 1090 2861 Kohorte.
1130 2826 1174 2861 A.
1201 2826 1228 2869 I,
1252 2830 1270 2860 7
1298 2826 1470 2869 defuncto
1497 2826 1665 2869 Auyusto

912 2874 1058 2919 siynum
1079 2874 1281 2918 praetoriis
1307 2872 1512 2908 cohortibus
1537 2875 1579 2906 ut
1598 2873 1663 2906 im—

909 2925 1060 2966 perator
1104 2922 1272 2963 dederat,·
1317 2920 1421 2964 XIII,
1456 2923 1476 2954 2
1520 2920 1668 2964 siynum

1358 2983 1379 3014 5
