1875 3214
213 106 301 147 220
737 103 899 139 TACITI
924 102 1268 139 HISTORIARUM

212 224 297 257 arte
330 224 397 256 aut
430 218 629 255 exercitus
663 217 717 267 vi,
757 216 825 254 sed
864 228 1130 267 praepropera
1163 216 1289 266 ipsius
1322 214 1600 266 desperatione
1632 216 1794 269 victum,

141 287 184 318 25
213 279 290 316 iam
319 276 625 315 desiderabilem
659 281 699 314 et
724 288 912 327 magnum
937 277 1161 327 principem
1188 275 1300 326 fecit,
1333 287 1425 313 cum
1456 276 1618 314 interim
1644 277 1795 327 spargit
1846 323 1851 326 ..

213 337 408 388 legiones,
442 341 620 374 exarmat
652 335 856 388 cohortes,
889 348 988 374 nova
1022 334 1168 374 cotidie
1196 333 1299 372 bello
1327 335 1477 373 semina
1505 335 1715 374 ministrat.
1760 335 1794 374 si

212 396 307 448 quid
346 396 500 434 ardoris
540 408 584 434 ac
625 396 796 434 ferociae
834 395 948 434 miles
986 394 1142 446 habuit,
1179 395 1338 445 popinis
1377 399 1417 433 et
1447 393 1794 434 comissationibus
1846 389 1852 395 ”

211 462 251 495 et
283 456 477 507 principis
510 456 732 494 imitatione
765 455 980 494 deteritur:
1012 453 1085 492 tibi
1119 466 1139 491 e
1172 453 1316 492 Iudaea
1349 459 1388 492 et
1415 453 1531 493 Suria
1558 459 1598 492 et
1617 453 1794 505 Aegypto

211 528 353 555 novem
386 515 563 566 legiones
594 516 792 566 integrae,
831 514 936 553 nulla
970 515 1053 552 acie
1093 512 1327 565 exhaustae,
1365 525 1445 552 non
1478 513 1676 552 discordia
1709 525 1794 552 cor·
1848 523 1851 526 ’

140 585 185 616 30
211 581 371 627 ruptae,
411 575 480 613 sed
512 575 692 614 firmatus
725 586 801 613 usu
839 573 953 612 miles
995 579 1034 611 et
1066 572 1159 611 belli
1191 573 1363 612 domitor
1395 574 1570 625 externi3
1609 572 1795 612 classium

212 635 363 674 alarum
407 634 633 674 cohortium
678 633 822 672 robora
869 638 908 672 et
953 632 1136 671 fidissimi
1180 644 1296 684 reges
1341 638 1382 672 et
1424 638 1492 672 tua
1537 637 1627 671 ante
1666 633 1796 671 omnis

211 691 486 746 experientia.'

140 755 192 796 77
332 752 469 792 ‘Nobis
502 753 600 792 nihil
634 752 737 791 ultra
770 751 989 803 adrogabo,
1028 764 1145 803 quam
1184 764 1233 790 ne
1266 759 1357 803 post
1388 750 1592 790 Valentem
1631 756 1672 790 et
1703 750 1796 790 Cae-

210 815 339 854 cinam
385 825 661 852 numeremur:
706 825 756 851 ne
801 818 934 851 tamen
972 811 1200 851 Mucianum
1240 812 1395 850 socium
1439 812 1658 863 spreveris,
1703 812 1795 862 quia

211 873 409 913 aemulum
443 886 522 911 non
556 873 763 924 experiris.
814 884 877 911 me
904 871 1060 911 Vitellio
1088 877 1298 923 antepono,
1330 876 1369 910 te
1395 870 1504 909 mihi.
1543 875 1633 910 tuae
1660 870 1798 910 domui

210 932 451 985 triumphale
485 945 642 984 nomen,
676 933 755 971 duo
788 933 963 979 iuvenes,
998 925 1119 983 capax
1152 933 1229 970 iam
1261 931 1421 982 imperii
1452 929 1553 969 alter
1585 935 1625 969 et
1656 931 1798 981 primis

162 1004 182 1035 5
211 993 374 1032 militiae
414 994 527 1031 annis
570 992 673 1043 apud
713 992 970 1031 Germanicos
1016 1003 1176 1043 quoque
1215 992 1415 1029 exercitus
1453 990 1598 1030 clarus.
1660 989 1798 1029 absur-

210 1053 304 1092 dum
338 1053 459 1092 fuerit
490 1065 570 1090 non
604 1052 746 1091 cedere
780 1053 948 1103 imperio
983 1052 1036 1103 ei,
1069 1052 1184 1090 cuius
1211 1051 1336 1089 filium
1364 1049 1626 1101 adoptaturus
1655 1061 1797 1102 essem,
1843 1055 1849 1059 ’

211 1114 245 1152 si
277 1114 362 1164 ipse
396 1114 647 1164 imperarem.
712 1117 892 1151 ceterum
924 1113 1029 1150 inter
1062 1123 1135 1149 nos
1167 1123 1247 1149 non
1278 1109 1386 1149 idem
1417 1121 1702 1161 prosperarum
1732 1109 1797 1148 ad-

210 1185 497 1224 versarumque
539 1185 677 1211 rerum
710 1172 808 1210 ordo
841 1173 935 1224 erit3
974 1183 1066 1209 nam
1105 1171 1139 1209 si
1170 1171 1386 1222 vincimus,
1424 1169 1635 1221 honorem,
1678 1181 1796 1221 quem

211 1233 388 1284 dederis,
421 1231 594 1271 habebo:
632 1232 849 1270 discrimen
881 1243 926 1270 ac
959 1230 1137 1282 pericula
1170 1243 1218 1269 ex
1250 1242 1376 1281 aequo
1409 1230 1620 1281 patiemur.
1664 1230 1799 1281 immo,

260 1339 316 1371 25.
344 1347 426 1370 cum
452 1335 614 1381 interim]
643 1347 668 1370 s.
697 1348 740 1369 zu
766 1335 793 1378 I,
822 1338 878 1379 60,
906 1338 937 1370 6.

260 1383 437 1428 cohortes]
466 1383 674 1428 praetorias
702 1385 747 1426 (c.
776 1384 847 1427 67).

260 1435 316 1467 26.
342 1432 483 1466 semina
506 1430 747 1475 ‘Elemente'‚
770 1431 839 1466 wie
858 1430 889 1474 Ι,
912 1433 968 1474 53,

213 1483 243 1514 7.
271 1478 334 1522 IV,
364 1482 422 1521 18,
449 1483 504 1514 21.
534 1482 591 1522 80,
618 1483 649 1514 2.

258 1528 399 1569 ferocia
417 1527 457 1561 in
479 1526 600 1562 seiner
620 1526 970 1570 Grundbedeutung

214 1574 460 1620 ‘physischer,
470 1574 707 1615 roherMuth,
720 1574 967 1618 Kampflust'.

261 1627 316 1657 27.
341 1623 527 1667 principis
538 1622 762 1668 imitatione]
784 1623 858 1667 vgl.
873 1634 900 1657 c.
919 1625 963 1657 68

203 1671 363 1716 perinde
394 1671 495 1705 miles
530 1672 694 1705 intentus
726 1673 792 1705 aut
818 1671 965 1705 licenter

211 1720 299 1763 ayit.
333 1719 435 1763 apud
472 1717 660 1753 Vitellium
693 1719 817 1753 omnia
848 1719 965 1752 indis-

204 1767 332 1811 posita
388 1767 604 1809 temulenta,
655 1767 867 1811 perviyiliz's
923 1776 967 1800 ae

211 1814 496 1849 bacchanalibus
534 1825 645 1859 quam
683 1814 902 1858 disciplinae
935 1817 967 1848 et

210 1863 344 1898 castris
364 1863 557 1906 propiora.

259 1913 316 1945 28.
344 1921 468 1945 novem
494 1909 664 1957 Ieyiones]
698 1913 721 1943 4
754 1909 793 1944 in
826 1908 968 1953 Syrien,

211 1962 231 1992 3
259 1958 298 1992 in
326 1958 464 2000 Judaa,
501 1962 521 1992 2
548 1957 588 1992 in
613 1959 800 2002 Agypten.
855 1957 889 1993 S.
925 1969 969 1991 zu

211 2006 238 2048 Ι,
267 2009 322 2049 10,
351 2010 382 2041 1.
413 2009 466 2048 10,
497 2009 551 2040 11.
581 2009 636 2048 11,
667 2009 697 2039 1.

260 2057 315 2088 29.
344 2054 542 2088 eoebaustus
572 2053 801 2098 ‘gelichtet'.

259 2101 464 2148 disc-ordia]
494 2113 520 2138 s,
549 2114 592 2135 zu
618 2102 645 2144 I,
674 2104 731 2143 53,
760 2105 790 2135 7.

260 2152 315 2184 30.
344 2149 500 2195 externi]
524 2149 557 2183 d.
572 2149 594 2184 i.
618 2149 762 2184 Iudaici
781 2149 826 2193 (e.
844 2152 876 2193 4,
896 2149 966 2192 10).

261 2197 450 2243 classium]
479 2209 506 2232 s.
534 2209 578 2231 zu
606 2209 634 2233 e.
662 2201 695 2239 4,
725 2200 780 2231 18.

259 2249 316 2280 31.
345 2248 429 2280 ante
455 2244 588 2290 omnis]
627 2245 659 2278 d.
693 2244 717 2278 i.
745 2255 822 2288 qua
848 2242 968 2279 omnis

211 2291 311 2327 viros
332 2291 508 2327 militaris
527 2293 659 2327 anteis.
694 2291 780 2337 Vgl.
801 2291 881 2326 Liv.
904 2290 968 2333 III,

213 2343 256 2374 58
279 2344 363 2375 ante
383 2351 502 2375 omnes
521 2341 654 2383 fratris
680 2341 752 2383 filii
777 2339 970 2383 superbiae

214 2388 387 2430 infestus,-
413 2387 547 2430 XXIII,
575 2393 632 2430 41,
661 2392 691 2422 1.
718 2386 833 2430 XXX,
856 2390 912 2429 12,
935 2390 967 2421 1.

212 2435 258 2470 H.
286 2435 348 2478 IV,
376 2440 420 2470 55
455 2436 642 2471 Classicus
673 2436 866 2470 nobilitate
891 2435 968 2478 opi-

213 2484 348 2527 busque
363 2487 447 2518 ante
461 2484 574 2527 alios,·
591 2483 636 2527 V,
655 2487 696 2518 12
706 2483 858 2528 proprii
870 2482 970 2516 muri

214 2531 336 2565 labore
362 2535 395 2565 et
420 2542 531 2575 opera
559 2535 644 2566 ante
670 2532 783 2573 alios‚·
809 2532 853 2565 A.
874 2529 901 2572 Ι,
924 2533 968 2564 27

213 2579 245 2612 is
272 2582 355 2613 ante
381 2579 474 2613 alios
501 2583 617 2614 aetate
651 2583 685 2614 et
715 2580 837 2623 yloria
867 2578 970 2620 belli,-

213 2625 292 2661 Liv.
320 2626 365 2669 V,
393 2630 456 2670 25,
487 2629 528 2660 11
564 2628 746 2662 incitatur
771 2626 969 2661 multitudo

214 2702 221 2708 .
258 2702 265 2709 .
302 2701 308 2708 .
344 2677 429 2709 ante
467 2675 560 2708 alios
597 2675 639 2708 in
680 2673 885 2709 Camillum.
924 2693 969 2697 --

214 2720 378 2757 Hiermit
397 2721 543 2757 kommt
564 2721 611 2755 M.
630 2721 698 2756 auf
715 2722 816 2757 seine
837 2721 969 2766 eigene

214 2769 354 2804 Person
390 2782 434 2804 zu
472 2769 654 2814 sprechen
687 2770 764 2804 und
789 2770 893 2804 ffihrt
917 2769 970 2802 im

214 2817 418 2861 folgenden
457 2817 528 2852 den
574 2817 731 2851 zweiten
776 2817 859 2851 Teii
905 2816 971 2850 der

214 2863 427 2909 Erwagung
443 2866 535 2910 (ipse
549 2866 612 2909 qui
630 2865 761 2899 suadet
776 2866 862 2909 etc.)
882 2863 970 2898 wei-

214 2913 272 2947 ter
292 2924 371 2958 aus,
399 2913 531 2948 dessen
560 2911 666 2947 beide
687 2912 834 2946 Punkte
854 2911 971 2954 nicht,

1044 1333 1115 1369 wie
1152 1332 1254 1368 beim
1287 1333 1422 1375 ersten,
1460 1331 1663 1378 gesondert
1699 1331 1797 1367 nach

1044 1380 1241 1424 einander,
1279 1380 1440 1415 sondern
1472 1380 1544 1414 mit
1575 1379 1654 1425 und
1676 1380 1799 1414 neben

1044 1429 1223 1464 einander
1248 1427 1455 1463 behandelt
1479 1426 1641 1463 werden.

1094 1548 1156 1585 77.
1203 1552 1234 1584 1.
1281 1548 1461 1592 adrogare
1507 1546 1562 1581 ‘in
1598 1545 1798 1592 Anspruch

1043 1596 1233 1639 nehmen',
1260 1595 1331 1630 wie
1358 1595 1386 1638 I,
1415 1599 1472 1639 30,
1502 1598 1532 1630 1.

1086 1654 1119 1686 4.
1164 1649 1402 1695 triumphale]
1453 1649 1572 1684 Unter
1615 1646 1793 1683 Claudius

1039 1699 1146 1734 hatte
1187 1696 1399 1742 Vespasian
1435 1707 1567 1742 wegen
1611 1695 1678 1730 der
1721 1706 1796 1730 von

1039 1746 1120 1781 ihm
1153 1757 1201 1780 an
1236 1746 1302 1780 der
1335 1744 1463 1789 Spitze
1496 1744 1563 1779 der
1590 1747 1623 1780 2.
1651 1742 1796 1787 Legion

1040 1794 1092 1828 im
1117 1793 1149 1828 J.
1171 1797 1217 1828 43
1244 1793 1284 1828 in
1302 1790 1524 1827 Britannien
1545 1790 1798 1826 verrichteten

1042 1842 1189 1876 Thaten
1223 1840 1284 1875 die
1314 1837 1799 1884 Triumph-Ehrenzeichen

1043 1889 1225 1925 erhalten.
1252 1887 1338 1933 Vgl.
1359 1886 1422 1931 ΙΙΙ,
1441 1890 1498 1922 44.
1528 1886 1628 1922 Suet.
1644 1886 1798 1931 Vesp.4.

1092 1947 1123 1977 5.
1151 1942 1254 1987 apud
1274 1941 1513 1977 Germanicos
1537 1951 1677 1985 quoque
1696 1950 1798 1975 exer*

1042 1990 1152 2036 citus]
1199 1990 1306 2025 Titus
1349 1989 1459 2024 hatte
1503 1989 1613 2023 unter
1657 1987 1798 2022 seinem

1042 2038 1171 2081 Vater,
1192 2037 1278 2072 dem
1298 2035 1516 2082 damaligen
1528 2034 1799 2081 Legionslega-

1041 2088 1117 2129 ten,
1143 2085 1183 2120 in
1205 2083 1430 2121 Germanien
1456 2084 1512 2119 als
1535 2081 1800 2128 Kriegstribun

1042 2134 1112 2168 mit
1120 2133 1245 2168 Ehren
1258 2132 1423 2178 gedient.
1450 2131 1537 2176 Vgl.
1557 2131 1659 2167 Suet.
1674 2130 1747 2166 Tit.
1763 2134 1796 2166 4.

1091 2182 1295 2217 absurdum
1319 2180 1451 2226 fuerit]
1479 2191 1506 2215 s.
1535 2191 1580 2214 zu
1605 2190 1634 2214 c.
1664 2182 1721 2223 76,
1743 2182 1798 2214 11.

1093 2239 1125 2270 6.
1158 2235 1279 2270 cedere
1316 2235 1472 2279 imperio
1508 2233 1560 2278 ei]
1609 2231 1692 2266 ‘auf
1725 2232 1798 2266 den

1042 2282 1168 2318 Thron
1204 2295 1248 2317 zu
1274 2282 1407 2317 dessen
1434 2281 1604 2317 Gunsten
1636 2279 1798 2314 verzieh—

1042 2331 1134 2366 ten'.
1188 2330 1236 2365 So
1264 2330 1338 2365 Cic.
1366 2342 1401 2374 p.
1427 2328 1506 2364 Mil.
1534 2331 1554 2371 §
1582 2330 1626 2363 75
1651 2328 1799 2372 utrique

1041 2382 1190 2414 mortem
1217 2381 1269 2413 est
1293 2377 1499 2419 minitatus,
1524 2376 1601 2411 nisi
1622 2375 1696 2410 sibi
1715 2375 1798 2410 hor-

1042 2430 1164 2461 torum
1201 2426 1427 2471 possessione
1475 2425 1678 2466 cessissent,
1720 2421 1800 2457 und

1045 2475 1142 2509 &fter
1166 2474 1229 2509 bei
1254 2473 1393 2508 Livius.
1445 2471 1552 2507 Ohne
1586 2470 1703 2506 Dativ
1735 2470 1800 2505 der

1044 2522 1184 2557 Person
1202 2521 1272 2565 111,
1287 2524 1333 2556 78
1353 2531 1519 2556 cessurus
1536 2519 1691 2563 imperio
1703 2518 1800 2554 vide-

1045 2571 1164 2605 batur.

1093 2621 1125 2652 8.
1151 2617 1240 2653 ordo
1269 2615 1532 2652 ‘Verhffltnis’.
1584 2615 1686 2650 Stati
1715 2616 1796 2650 vin-

1044 2666 1160 2701 cimus
1186 2665 1297 2701 sollte
1322 2675 1409 2699 man
1429 2663 1565 2699 mitten
1583 2664 1694 2698 unter
1717 2663 1798 2698 lau-

1044 2714 1102 2748 191
1121 2713 1285 2748 Futuren
1300 2713 1483 2747 vincemus
1499 2711 1701 2747 erwarten:
1720 2710 1796 2755 vgl.

1040 2761 1181 2807 jedoch
1207 2760 1297 2800 Sall.
1326 2759 1405 2795 Cat.
1433 2763 1490 2803 58,
1512 2764 1531 2795 9
1552 2759 1586 2794 si
1603 2759 1797 2801 vincimus,

1045 2809 1169 2844 omnia
1188 2809 1292 2843 nobis
1306 2810 1389 2843 tuta
1401 2810 1510 2842 erunt
1523 2807 1594 2842 etc.
1619 2804 1798 2842 Weissen-

1044 2857 1139 2891 born
1165 2869 1209 2891 zu
1233 2856 1313 2891 Liv.
1339 2854 1437 2898 XXI,
1463 2858 1522 2898 41,
1550 2858 1605 2890 14.

1094 2914 1126 2945 9.
1154 2910 1351 2945 discrimen
1376 2920 1420 2945 ac
1432 2908 1605 2954 pericula
1630 2906 1700 2942 wie
1721 2905 1797 2941 cic.
