1875 3214
219 120 304 162 168
742 115 903 151 TACITI
927 114 1269 151 HISTORIARUM

220 230 266 270 ad
306 230 539 269 modestiam
578 229 817 279 composuit,
856 239 929 266 nec
968 226 1094 265 solum
1133 225 1235 277 apud
1268 224 1490 276 Caecinam,
1530 226 1597 277 qui
1629 225 1784 277 culpam

219 292 260 329 in
293 289 457 328 militem
490 287 719 327 conferebat
752 286 936 325 seditioni
967 287 1091 337 magis
1124 297 1240 336 quam
1269 283 1419 335 proelio
1446 290 1642 335 paratum:
1674 284 1786 323 Fabii

222 361 379 401 quoque
406 347 577 386 Valentis
610 347 745 397 copiae
779 343 874 397 (iam
906 347 1010 384 enim
1037 345 1219 383 Ticinum
1251 338 1431 396 venerat)
1457 345 1585 394 posito
1612 343 1786 382 hostium

173 417 193 448 5
221 413 451 458 contemptu
485 412 523 445 et
555 406 804 457 reciperandi
836 406 991 444 decoris
1024 403 1209 455 cupidine
1241 403 1490 441 reverentius
1523 408 1561 441 et
1586 402 1789 454 aequalius

221 468 313 506 duci
345 466 547 518 parebant.
599 467 727 517 gravis
757 465 931 516 alioquin
958 463 1098 502 seditio
1125 468 1337 513 exarserat,
1370 473 1487 512 quam
1513 461 1650 500 altiore
1675 463 1789 501 initio

222 523 371 581 (neque
408 527 513 565 enim
545 537 679 564 rerum
713 537 732 563 a
766 524 932 563 Caecina
965 528 1165 573 gestarum
1198 521 1376 560 ordinem
1407 522 1644 572 interrumpi
1676 533 1789 572 opor-

221 582 371 639 tuerat)
405 591 592 636 repetam.
626 584 809 624 cohortes
842 583 1096 631 Batavorum,
1136 593 1233 632 quas
1265 580 1367 619 bello
1398 579 1566 619 Neronis
1600 592 1620 618 a
1653 586 1791 631 quarta

223 646 387 684 decuma
419 645 573 696 legione
606 645 821 694 digressas,
854 654 944 681 cum
976 641 1219 680 Britanniam
1251 644 1449 691 peterent,
1481 640 1614 679 audito
1649 638 1791 679 Vitellii

155 714 198 746 10
224 711 334 744 motu
366 706 407 743 in
441 705 597 743 civitate
629 703 850 754 Lingonum
882 700 1001 739 Fabio
1034 700 1187 739 Valenti
1219 699 1423 738 adiunctas
1455 698 1692 751 rettulimus,
1728 711 1791 738 su-

223 764 345 816 perbe
379 763 558 815 agebant,
591 768 634 801 ut
667 763 861 812 cuiusque
893 760 1058 810 legionis
1091 760 1261 799 tentoria
1290 759 1564 810 accessissent,
1596 759 1791 798 coercitos

225 837 245 863 a
284 836 325 862 se
365 822 764 874 quartadecumanos,
804 820 969 859 ablatam
1001 819 1149 858 Neroni
1181 818 1329 857 ltaliam
1362 823 1480 869 atque
1513 829 1668 856 omnem
1701 817 1795 856 belli

226 884 425 922 fortunam
457 884 497 920 in
530 883 707 933 ipsorum
739 892 857 919 manu
885 881 998 918 sitam
1024 880 1227 917 iactantes.
1273 876 1601 916 contumeliosum
1628 877 1666 915 id
1695 876 1793 915 mili-

226 942 351 994 tibuS,
392 941 578 980 acerbum
618 941 726 992 duci,
765 944 952 990 corrupta
984 931 1132 989 iurgiis
1156 942 1224 976 aut
1254 938 1351 975 rixis
1385 936 1608 987 disciplina,
1648 936 1695 975 ad
1727 948 1795 987 po-

157 1007 200 1039 15
229 1008 422 1042 stremum
454 1000 596 1039 Valens
628 1012 649 1038 e
682 999 898 1050 petulantia
932 999 1049 1037 etiam
1081 996 1285 1049 perfidiam
1318 995 1580 1046 suspectabat.

158 1058 213 1100 28
348 1060 473 1111 Igitur
511 1061 651 1098 nuntio
691 1058 818 1097 adlato
856 1057 1010 1109 pulsam
1042 1056 1307 1095 Treverorum
1346 1055 1445 1094 alam
1477 1054 1738 1106 Tungrosque
1776 1065 1798 1092 a

228 1120 352 1161 classe
386 1119 553 1159 Othonis
592 1125 632 1157 et
663 1118 959 1157 Narbonensem
993 1115 1155 1154 Galliam
1194 1115 1414 1166 circumiri,
1454 1113 1572 1152 simul
1610 1126 1705 1153 cura
1737 1125 1796 1152 so-

231 1182 314 1220 cios
351 1179 488 1218 tuendi
527 1184 566 1217 et
604 1178 764 1216 militari
802 1182 889 1215 astu
928 1176 1112 1215 cohortes
1151 1173 1330 1213 turbidas
1368 1186 1430 1226 ac,
1471 1174 1503 1212 si
1542 1185 1619 1212 una
1657 1173 1800 1225 forent,

230 1239 473 1292 praevalidas
513 1237 766 1289 dispergendi
804 1241 956 1287 partem
990 1235 1224 1274 Batavorum
1262 1235 1320 1272 ire
1352 1234 1393 1271 in
1425 1232 1646 1272 subsidium
1677 1232 1800 1271 iubet.

184 1306 204 1337 5
233 1299 336 1351 quod
376 1298 445 1337 ubi
483 1297 661 1336 auditum
698 1296 998 1347 vulgatumque,
1036 1305 1214 1333 maerere
1254 1294 1366 1345 socii,
1405 1292 1574 1331 fremere
1613 1292 1799 1343 legiones.

232 1359 365 1398 orbari
398 1370 438 1396 se
471 1357 779 1395 fortissimorum
810 1356 987 1393 virorum
1020 1352 1182 1405 auxilio3
1215 1357 1368 1391 veteres
1400 1351 1487 1390 illos
1520 1356 1559 1390 et
1590 1356 1650 1390 tot
1681 1350 1799 1390 bello-

232 1431 321 1458 rum
354 1418 543 1468 victores,
581 1421 791 1467 postquam
822 1416 863 1453 in
896 1418 1111 1465 conspectu
1145 1413 1196 1451 sit
1227 1411 1371 1463 hostis,
1404 1410 1511 1450 velut
1543 1423 1588 1449 ex
1621 1411 1704 1450 acie
1737 1409 1802 1449 ab·

234 1478 337 1517 duci.
389 1478 422 1516 si
460 1476 661 1527 provincia
700 1473 799 1513 urbe
840 1480 878 1513 et
917 1473 1042 1512 salute
1081 1472 1239 1523 imperii
1270 1472 1400 1521 potior
1433 1472 1501 1522 sit,
1540 1482 1677 1509 omnes
1709 1469 1802 1508 illuc

1056 1622 1140 1656 lust.
1164 1642 1205 1646 -
1232 1611 1333 1655 iiber
1355 1621 1427 1655 den
1445 1619 1554 1665 Konj.
1575 1620 1805 1655 accessissent

1060 1682 1086 1704 s.
1114 1681 1156 1703 zu
1183 1668 1211 1712 I,
1240 1672 1294 1711 10,
1325 1672 1355 1703 7.

285 1632 317 1662 2.
377 1626 602 1670 modestiam]
657 1622 981 1667 ‘Subordinatiom

236 1674 514 1716 Mannszucht’3
542 1685 568 1708 s.
596 1684 639 1706 zu
664 1673 691 1716 Ι,
719 1676 774 1715 52,
804 1676 858 1707 10.

285 1721 498 1767 composuit]
529 1720 753 1755 ‘bekehrte'.

285 1774 317 1804 4.
350 1769 502 1814 quoque]
539 1768 635 1803 ohne
664 1768 743 1809 sed,
775 1766 844 1800 wie
877 1766 985 1800 etiam

237 1820 280 1853 A.
309 1817 372 1860 Ill,
400 1820 454 1851 19.
481 1816 542 1859 IV⁷
570 1818 626 1850 35.

290 1864 476 1909 Ticinum]
505 1875 532 1898 s,
560 1874 589 1898 c.
620 1865 673 1905 17,
702 1865 732 1897 8.

289 1917 319 1947 5.
341 1911 495 1956 decoris]
521 1911 602 1945 ‘der
615 1909 744 1953 Ehre’,
764 1909 824 1943 die
840 1908 892 1943 sie
908 1918 986 1943 ver-

240 1961 343 1995 loren
368 1960 510 1994 hatten.

290 2012 322 2042 6.
353 2006 536 2052 alioqum]
566 2004 712 2049 ‘sonst’,
739 2002 809 2039 wie
836 2002 903 2046 ΙΙΙ,
931 2006 986 2037 32.

240 2056 282 2090 A.
310 2055 374 2099 ΙΙΙ,
401 2057 421 2088 8
449 2054 597 2098 alioqui.

290 2107 321 2138 8.
355 2105 508 2146 repetere
543 2098 784 2141 ‘nachholen,
816 2098 988 2132 nachtra-

242 2150 343 2196 gen’,
372 2149 441 2184 wie
467 2148 528 2192 IV,
556 2151 612 2192 48,
640 2151 672 2183 2.
709 2146 744 2181 S.
771 2158 816 2180 zu
842 2146 869 2190 I,
896 2149 928 2187 4,
959 2149 988 2179 1.

242 2199 328 2232 Tac.
362 2197 497 2232 nimmt
529 2196 601 2230 den
632 2194 703 2228 mit
733 2195 765 2237 Ι,
793 2197 836 2228 66
878 2193 990 2237 abge-

243 2245 454 2280 brochenen
498 2243 624 2278 Faden
670 2242 735 2277 cler
778 2240 992 2285 Erztthlung

242 2293 379 2327 wieder
405 2291 478 2327 auf.

291 2340 379 2374 bello
424 2337 600 2383 Neronis]
651 2337 756 2371 Beim
806 2335 991 2370 Aufstand

244 2398 364 2432 gegen
396 2387 495 2421 Nero
534 2386 709 2420 trennten
747 2384 800 2418 sie
840 2383 919 2417 sich
953 2382 992 2416 in

243 2434 458 2469 Dalmatien
485 2444 556 2468 von
581 2433 646 2466 der
668 2435 722 2466 14.
742 2429 896 2476 Legion,
922 2430 992 2464 mit

245 2481 310 2516 der
337 2481 390 2516 sie
417 2493 462 2515 zu
488 2480 589 2515 einer
610 2479 781 2513 Division
806 2476 993 2521 vereinigt

245 2539 388 2569 waren,
432 2527 507 2562 und
550 2526 788 2562 verhinderte
827 2525 992 2560 dieselbe

246 2576 329 2611 dem
355 2575 486 2610 Kaiser
517 2586 562 2609 zu
593 2574 694 2608 Hilfe
731 2586 773 2607 zu
806 2573 991 2607 kommen.

246 2624 331 2669 Vgl.
359 2635 403 2657 zu
428 2622 474 2665 H,
504 2626 558 2665 11,
586 2627 616 2656 5.
706 2623 709 2626 ’

297 2674 352 2706 10.
378 2670 597 2712 rettulimus]
625 2668 652 2711 Ι,
679 2672 736 2702 59.
764 2671 819 2702 64.

298 2722 353 2752 11.
379 2721 421 2752 ut
446 2716 632 2761 cuiusque]
663 2728 690 2750 s.
718 2727 762 2749 zu
788 2714 815 2758 Ι,
842 2717 899 2757 29,
926 2717 958 2748 4.

296 2765 465 2809 tentoria]
494 2764 558 2798 der
584 2762 703 2797 blosse
725 2764 811 2797 Ace.
838 2761 906 2796 wie
932 2760 995 2805 III,

250 2817 307 2857 24,
321 2817 341 2847 8
361 2816 401 2847 ut
421 2822 576 2857 quosque
595 2813 790 2845 accesserat
812 2809 886 2843 und
901 2807 995 2843 vier-

249 2861 326 2896 mal
360 2859 398 2894 in
433 2859 505 2893 den
536 2859 629 2892 Ann.
661 2857 757 2892 nach
790 2856 874 2890 dem
906 2855 996 2889 Vor-

250 2918 373 2954 gange
398 2918 471 2942 von
496 2905 640 2951 Nepos,
667 2903 786 2939 Varro
812 2901 889 2937 und
916 2902 995 2937 Sal—

1106 1726 1161 1756 12.
1189 1722 1349 1757 ablatam
1373 1721 1518 1756 Neroni
1542 1720 1714 1766 Italiam]
1742 1718 1805 1754 Sie

1057 1770 1188 1805 hatten
1215 1769 1273 1804 die
1292 1769 1519 1804 Vierzehner
1538 1768 1655 1803 daran
1674 1766 1804 1812 gebin-

1059 1817 1154 1861 dert,
1195 1816 1277 1851 dem
1304 1815 1403 1851 Nero
1429 1827 1473 1849 zu
1498 1815 1598 1850 Hilfe
1630 1826 1674 1849 zu
1701 1814 1806 1848 kom-

1060 1875 1157 1907 men,
1178 1862 1255 1898 und
1275 1862 1465 1898 dieselben
1485 1873 1713 1907 gezwungen
1726 1860 1806 1895 sich

1061 1923 1180 1956 gegen
1207 1911 1306 1946 Nero
1337 1923 1382 1945 zu
1407 1910 1596 1954 erklaren,
1628 1908 1807 1944 wodurch

1062 1959 1197 1993 italien
1229 1958 1288 1992 fiir
1318 1957 1385 1993 ihn
1413 1957 1584 1993 verloren
1609 1965 1808 2003 gegangen

1062 2016 1171 2042 ware.

1113 2058 1167 2088 13.
1196 2053 1266 2087 Zur
1286 2052 1425 2087 Phrase
1452 2053 1493 2087 iu
1517 2062 1631 2087 mauu
1650 2051 1809 2086 alicuius

1063 2103 1173 2136 situm
1198 2111 1270 2136 esse
1294 2100 1369 2146 vgl.
1395 2099 1437 2135 A.
1464 2099 1491 2143 I,
1519 2103 1574 2134 31.
1612 2098 1701 2134 Sall.
1727 2097 1808 2143 lug.

1115 2199 1168 2231 14.
1197 2196 1346 2231 acerbus
1375 2193 1602 2238 ‘kr'ankend,
1629 2191 1808 2238 empfind-

1064 2244 1152 2287 lich,
1180 2241 1449 2278 schmerzlich'.

1112 2291 1194 2338 aut]
1228 2290 1303 2325 fast
1329 2307 1373 2318 =
1402 2288 1509 2324 ‘teile
1536 2308 1580 2314 —-
1606 2287 1726 2323 teils'.
1774 2285 1809 2321 S.

1065 2338 1176 2373 Halm
1195 2339 1247 2373 im
1268 2338 1465 2373 comment.
1486 2335 1567 2371 crit.
1588 2335 1654 2370 der
1667 2339 1699 2371 3.
1713 2333 1809 2369 Aufl.

1065 2398 1108 2421 zu
1134 2388 1175 2421 A.
1203 2385 1230 2429 Ι,
1258 2389 1315 2428 16,
1342 2389 1373 2420 6.

1115 2442 1168 2474 15.
1208 2450 1225 2474 e
1250 2438 1461 2483 petulantia
1487 2457 1531 2462 —-
1564 2434 1811 2481 suspectabat]

1068 2486 1247 2521 ‘witberte
1273 2484 1397 2520 hinter
1423 2484 1488 2519 der
1513 2482 1740 2519 Frechheit’.

1115 2604 1179 2640 28.
1210 2610 1237 2639 1.
1261 2603 1424 2649 pulsam]
1452 2603 1527 2648 vgl.
1556 2614 1585 2638 c.
1615 2605 1658 2637 14
1677 2600 1727 2646 fg.

1116 2662 1147 2693 3.
1164 2657 1261 2703 astu]
1278 2656 1412 2691 Ausser
1422 2656 1541 2692 dieser
1549 2655 1659 2691 Form
1669 2654 1815 2690 kommt

1068 2717 1136 2740 nur
1163 2704 1223 2740 die
1249 2703 1476 2739 Pluralform
1503 2706 1604 2739 astus
1628 2713 1706 2738 vor.

1116 2762 1148 2793 6.
1184 2762 1235 2793 tot
1262 2758 1434 2793 bellorwm
1458 2755 1624 2802 victores]
1659 2766 1686 2790 S.
1713 2766 1756 2789 zu
1782 2764 1813 2789 c.

1070 2810 1101 2850 7⁷
1119 2809 1160 2888 72.
1184 2855 1379 2898 postquam
1403 2872 1450 2876 —
1474 2851 1538 2897 sit]
1579 2850 1613 2886 S.
1639 2850 1816 2892 Heraeus,

1069 2902 1135 2936 lat.
1164 2899 1330 2945 Sehulgr.
1359 2902 1378 2942 ἓ
1405 2901 1484 2944 208,
1513 2902 1530 2933 1
1558 2897 1665 2932 Anm.
1685 2900 1719 2932 3.
