1875 3214
607 122 752 158 LIBER,
777 123 803 158 Ι.
851 122 952 160 CAP.
980 127 1132 161 26—27.
1600 126 1654 167 51

80 236 233 287 rapturi
266 234 431 286 fuerint,
464 235 506 272 ni
530 235 682 273 incerta
709 234 837 272 noctis
865 239 904 272 et
930 239 1010 273 tota
1038 235 1136 274 urbe
1163 248 1299 287 sparsa
1326 236 1495 276 militum
1528 243 1657 276 castra
1684 246 1704 277 5

80 307 153 334 nec
186 293 340 333 facilem
371 295 476 332 inter
508 293 748 332 temulentos
782 305 1021 332 consensum
1054 296 1293 348 timuissent,
1326 308 1404 334 non
1437 297 1497 335 rei
1527 296 1655 348 publi-

80 366 147 394 cae
180 365 293 405 cura,
327 365 444 404 quam
477 352 635 392 foedare
661 353 855 404 principis
883 354 944 391 sui
971 355 1162 404 sanguine
1190 354 1312 394 sobrii
1344 355 1552 407 parabant,
1586 356 1655 396 sed

80 426 129 453 ne
173 425 245 465 per
290 411 492 465 tenebras,
537 418 582 452 ut
623 414 792 464 quisque
830 411 1047 451 Pannonici
1086 413 1147 451 vel
1185 413 1410 454 Germanici
1455 417 1655 455 exercitus

78 472 270 512 militibus
303 471 457 511 oblatus
491 477 614 524 esset,
648 471 923 523 ignorantibus
956 471 1159 524 plerisque
1191 485 1264 524 pro
1295 473 1450 513 Othone
1484 475 1654 514 destina-

79 538 202 572 retur.

264 531 387 570 multa
419 533 666 582 erumpentis
706 531 912 570 seditionis
950 531 1095 570 indicia
1129 544 1200 583 per
1233 536 1414 572 conscios
1448 547 1653 586 oppressa:
1683 544 1726 576 10

80 591 273 644 quaedam
305 591 409 642 apud
436 590 578 630 Galbae
611 603 728 630 aures
760 591 987 642 praefectus
1014 590 1116 630 Laco
1150 591 1286 644 elusit,
1319 595 1481 644 ignarus
1513 594 1653 633 milita-

78 653 181 691 rium
209 652 429 690 animorum
457 650 692 702 consiliique
719 652 898 702 quamvis
924 653 1085 703 egregii,
1119 652 1223 703 quod
1251 664 1330 691 non
1356 654 1441 704 ipse
1468 653 1654 707 adferret,

77 712 262 750 inimicus
295 715 334 749 et
365 710 555 749 adversus
587 712 738 761 peritos
770 711 967 761 pervicax.

196 769 343 808 Octavo
375 769 529 808 decimo
562 769 748 808 kalendas
774 769 1011 808 Februarias
1043 770 1284 810 sacrificanti
1315 783 1387 822 pro
1415 772 1510 810 aede
1537 771 1724 823 Apol-27

77 828 167 868 linis
193 828 336 868 Galbae
363 829 560 880 haruspex
589 829 816 868 Umbricius
842 830 971 868 tristia
1005 835 1093 869 exta
1126 835 1166 869 et
1197 832 1391 870 instantes
1418 832 1582 870 insidias
1609 845 1654 871 ac

78 888 339 932 domesticum
370 888 525 928 hostem
558 889 768 941 praedicit,
802 888 987 928 audiente
1021 888 1176 928 Othone
1211 888 1319 942 (nam
1351 892 1556 941 proximus
1589 892 1653 930 ad-

75 943 248 1002 stiterat)
289 948 409 999 idque
448 955 493 987 ut
531 948 678 987 laetum
717 961 738 987 e
778 950 979 987 contrario
1019 954 1058 987 et
1097 950 1179 988 suis
1219 950 1525 1001 cogitationibus
1564 963 1653 1002 pro-

75 1019 237 1059 sperum
268 1008 568 1059 interpretante.

73 1158 202 1202 iqnoro
222 1185 230 1193 .
253 1187 260 1194 .
282 1185 290 1193 .
310 1158 353 1193 in
383 1161 551 1193 senatum
588 1159 722 1194 accitos
729 1172 742 1201 ;
779 1159 823 1194 H.

73 1204 137 1248 IV,
159 1209 203 1240 14
217 1206 434 1250 compositae
449 1206 641 1242 seditionis
661 1210 826 1242 auctores

71 1253 283 1297 perpulere,
326 1257 368 1288 ut
411 1254 580 1289 dilectum
625 1255 826 1290 abnuerent

74 1300 254 1345 (Batavi).
305 1300 413 1336 Mehr
437 1313 463 1337 s.
491 1313 535 1335 zu
561 1301 624 1346 IV,
653 1306 710 1344 22,
738 1307 769 1338 5.

120 1351 153 1382 5.
179 1348 320 1383 ineerta
344 1349 476 1395 noctis]
505 1361 532 1384 s.
559 1360 603 1383 zu
625 1361 653 1385 c.
679 1353 739 1394 10,
770 1353 824 1385 14.

118 1396 256 1442 castra]
287 1395 643 1441 ‘Standquartiere’.
679 1397 727 1433 So
748 1409 825 1432 war

72 1442 133 1478 die
146 1442 393 1488 Vipsanische
412 1444 523 1479 Halle
549 1445 608 1479 fiir
629 1444 689 1480 die
709 1444 824 1490 Trup-

73 1501 146 1535 pen
171 1501 237 1526 aus
264 1491 474 1537 Illyricum,
501 1492 568 1527 das
596 1493 734 1527 atrium
760 1493 824 1527 Li-

73 1538 223 1574 bertatis
247 1538 306 1573 fiir
342 1538 402 1574 die
435 1539 726 1575 Detachements
758 1540 823 1575 des

73 1585 365 1622 Germanischen
395 1587 534 1622 Heeres
566 1599 630 1622 zur
661 1587 824 1622 Kaserne

72 1632 323 1677 cingerichtet
350 1634 395 1677 (c.
422 1637 493 1678 31).

122 1683 154 1714 6.
185 1691 250 1716 nee
281 1681 442 1727 facilem]
477 1682 571 1716 stati-
604 1685 637 1717 et
668 1692 742 1716 non
766 1683 823 1726 fa-

72 1728 184 1762 cilem.
237 1727 270 1763 S.
298 1728 474 1773 Draeger,
502 1728 605 1773 Synt.
634 1732 652 1771 ἓ
682 1733 760 1765 120.

119 1777 150 1810 8.
189 1778 232 1809 ut
261 1776 427 1821 quisque]
459 1776 540 1811 ‘der
571 1778 669 1810 erste
702 1777 819 1820 beste,

70 1821 265 1865 welcher';
293 1835 319 1857 s.
349 1834 379 1858 c.
408 1827 462 1866 11,
491 1828 522 1858 9.
550 1828 606 1867 57,
634 1827 666 1858 9.

118 1873 150 1904 9.
177 1870 455 1916 iynorantibus]
482 1882 529 1906 sc.
559 1870 759 1907 Othonem.

122 1920 175 1952 10.
209 1918 398 1964 oppressa]
431 1918 471 1952 in
504 1918 576 1954 den
608 1919 694 1954 dem
727 1921 820 1954 Aus-

70 1964 188 1998 bruch
203 1963 268 2000 des
281 1964 465 2000 Putsches
485 1966 820 2011 vorhergehenden

72 2010 216 2056 Tagen,
252 2012 517 2049 insbesondere
550 2025 609 2049 am
644 2017 698 2048 14.
733 2014 817 2050 Jan.

119 2063 173 2094 11.
212 2061 392 2104 quaedam
418 2088 425 2096 .
454 2088 462 2096 .
490 2091 498 2097 .
524 2062 648 2107 elusit]
679 2060 820 2107 ‘einige

68 2105 258 2152 Anzeigen
284 2108 372 2143 wies
398 2119 438 2143 er
462 2108 646 2143 leichthin
671 2109 733 2143 ab'
762 2111 818 2145 als

68 2154 340 2200 unbegriindet,
356 2155 520 2191 ‘machte
538 2156 592 2191 sie
608 2156 817 2202 erfolglos’,

67 2200 193 2237 indem
213 2213 254 2237 er
271 2203 378 2238 nicht
397 2202 534 2238 darauf
550 2204 713 2249 einging.
742 2204 817 2240 Das

68 2248 178 2284 Wort
203 2252 358 2286 stammi:
389 2261 454 2286 aus
481 2251 547 2285 der
566 2251 730 2296 Sprache
752 2252 817 2287 der

67 2296 326 2341 Fechtschule,
344 2309 402 2333 wo
423 2309 461 2333 es
485 2298 586 2334 ‘dem
608 2298 730 2334 Stosse
751 2300 816 2335 des

68 2343 235 2390 Gegners
268 2345 518 2382 ausweichen’
557 2346 647 2381 oder
681 2347 815 2392 ‘parie-

66 2392 147 2427 ren'
174 2392 363 2429 bedentet.
412 2393 456 2429 A.
483 2393 529 2438 ΙΙ,
556 2397 601 2429 52
620 2405 666 2430 ne
686 2395 816 2430 bellum

66 2443 163 2476 metu
188 2440 321 2485 (durch
342 2441 596 2487 Vermeidung
623 2442 687 2476 des
702 2442 812 2477 Kam-

66 2486 163 2532 pfes)
201 2489 384 2525 eluderent
391 2503 403 2532 ,·
441 2501 471 2525 c.
500 2493 543 2525 79
582 2490 730 2524 eludens
760 2502 812 2525 re-

66 2535 214 2580 spondit
257 2536 364 2581 (gab
401 2537 483 2583 eine
529 2537 814 2572 ausweichende

66 2583 289 2627 Antwort’);
311 2583 372 2627 ΙΙΙ,
388 2588 432 2620 67
453 2596 565 2630 neque
575 2586 734 2628 refellere
748 2588 815 2620 aut

66 2629 207 2666 eludere
231 2632 413 2676 dabatur;
444 2632 488 2667 H.
516 2632 579 2676 IV,
612 2636 674 2676 86,
704 2637 724 2666 6
753 2632 813 2667 Ce-

65 2677 175 2713 rialis
210 2679 353 2714 salubri
394 2683 671 2724 temperamento
708 2680 815 2714 elusit

66 2724 351 2772 (Domitianum)
368 2731 410 2762 ut
428 2739 527 2763 vana
540 2728 736 2772 pueriliter
755 2738 814 2762 cu-

61 2772 239 2816 pientem;
263 2773 351 2810 Hor.
373 2786 429 2820 ep.
451 2775 478 2819 I,
500 2779 554 2819 17,
571 2779 614 2810 18
637 2774 815 2820 Cynicum

65 2820 118 2855 sic
139 2821 306 2856 eludebat
328 2821 509 2868 (‘fertigte
527 2823 620 2867 ab’).

69 2870 573 2953 h..
590 2870 812 2953 aetitia]

632 1020 705 1046 nec
746 1007 870 1046 multo
903 1013 994 1060 post
1025 1008 1193 1048 libertus
1227 1009 1467 1050 Onomastus
1499 1012 1655 1050 nuntiat
1680 1018 1701 1050 5

898 1159 1066 1204 geistes'.
1120 1159 1169 1193 Er
1201 1171 1278 1194 war
1304 1160 1653 1198 Gerichtsbeisitzer

898 1217 1073 1251 gewesen
1100 1206 1216 1252 (Suet.
1244 1207 1286 1242 G.
1317 1209 1386 1253 14).

949 1258 1002 1289 12.
1030 1256 1176 1290 consilii
1197 1284 1203 1290 .
1221 1282 1227 1289 .
1245 1283 1251 1289 .
1273 1256 1461 1301 inimicus]
1484 1256 1651 1291 Passend

898 1301 1108 1347 vergleieht
1122 1303 1314 1337 Prammer
1328 1306 1371 1339 A.
1388 1303 1465 1347 XV,
1484 1307 1527 1338 10
1543 1304 1649 1349 (Pae-

897 1350 972 1393 tus)
1006 1361 1051 1384 ne
1076 1351 1218 1386 alienae
1249 1352 1448 1386 sententiae
1480 1352 1650 1396 indiyens

897 1398 1099 1441 videretur,
1135 1399 1177 1432 in
1212 1399 1357 1433 diversa
1395 1410 1439 1434 ac
1470 1399 1652 1435 deteriora

898 1445 1093 1480 transibat.

950 1496 1003 1527 13.
1027 1493 1222 1538 pervicax]
1252 1493 1516 1539 ‘eigensinnig,
1540 1496 1651 1529 starr-

899 1539 1058 1585 sinnig';
1096 1541 1171 1585 vgl.
1199 1540 1268 1584 IV,
1297 1546 1316 1576 5
1349 1542 1439 1576 recti
1458 1543 1649 1586 pervieaae.

945 1634 1009 1669 27.
1057 1639 1086 1671 1.

897 1681 1055 1717 Palatio.

944 1733 977 1763 2.
999 1730 1140 1775 tristia]
1160 1730 1235 1765 ‘die
1255 1730 1377 1766 nichts
1393 1731 1509 1767 Gutes
1525 1733 1648 1768 ahnen

895 1776 1036 1822 liessen,
1051 1777 1227 1821 Ungltick
1242 1778 1463 1824 drohende’‚
1486 1780 1556 1815 wie
1571 1779 1646 1816 Cio.

894 1824 940 1859 de
983 1825 1056 1860 div.
1096 1824 1130 1859 ΙΙ
1165 1828 1255 1868 §36
1295 1827 1507 1862 tristissima
1551 1831 1644 1863 exta.

900 1870 1034 1907 Tristis
1065 1883 1155 1918 mag
1193 1873 1458 1919 urspriinglich
1497 1875 1559 1910 ein
1591 1887 1647 1911 sa-

894 1919 1021 1954 kraler
1040 1919 1237 1955 Ausdruck
1263 1931 1438 1965 gewesen
1459 1922 1549 1967 sein,
1576 1923 1646 1958 wie

895 1976 934 2001 es
961 1967 1058 2002 denn
1085 1968 1181 2002 auch
1206 1967 1277 2003 mit
1302 1979 1404 2004 omen
1430 1969 1647 2005 verbunden

894 2013 987 2049 wird
1014 2014 1055 2049 A.
1077 2014 1158 2058 XV,
1181 2019 1218 2059 7;
1247 2015 1311 2056 das
1333 2017 1531 2061 Gegenteil
1551 2017 1645 2053 wird

893 2061 1010 2096 durch
1037 2063 1153 2097 laetus
1176 2063 1559 2107 ‘gliickverheissend’
1584 2066 1644 2100 be-

893 2109 1080 2144 zeichnet:
1119 2109 1164 2143 H.
1199 2111 1267 2154 IV,
1304 2115 1349 2146 49
1382 2112 1479 2146 laeta
1512 2112 1646 2148 Pisoni

892 2158 1036 2201 omnia‚·
1062 2169 1092 2192 c.
1120 2161 1164 2192 82
1192 2159 1324 2193 laetum
1350 2160 1392 2194 id
1416 2170 1546 2204 reyno,·
1572 2159 1598 2203 Ι,
1619 2164 1639 2195 3

890 2205 987 2240 eaelo
1014 2209 1181 2250 terraque
1198 2207 1374 2251 prodigsia
1393 2210 1426 2242 et
1443 2207 1644 2250 fulminum

889 2253 1050 2287 monitus
1093 2256 1126 2287 et
1173 2253 1389 2296 futurorum
1427 2256 1641 2302 praesagia,

890 2300 986 2335 laeta
1011 2301 1148 2344 tristia,
1175 2301 1350 2345 ambiyua
1368 2303 1585 2346 manifesta;
1612 2315 1642 2338 c.

891 2351 934 2382 62
962 2348 1096 2382 laetum
1122 2349 1332 2393 aiiyurium.

938 2398 969 2430 3.
1009 2396 1224 2430 domesticus
1254 2396 1366 2432 hostis
1402 2397 1478 2431 ‘ein
1510 2397 1643 2433 heimi-

1126 1646 1196 1679 pro
1235 1636 1321 1671 aede
1358 1636 1562 1684 Apollinis]
1611 1637 1650 1673 in

889 2441 997 2477 scher
1022 2442 1305 2488 Landesfeind',
1334 2443 1394 2478 ein
1416 2444 1642 2490 Oxymoron.

886 2489 1159 2535 Urspriinglich
1178 2491 1229 2525 ist
1246 2492 1358 2526 hostis
1383 2492 1464 2526 ‘der
1478 2492 1642 2528 Laudes-

887 2537 1045 2571 fremde⁷
1074 2536 1164 2581 (Cic.
1191 2538 1236 2573 de
1263 2539 1323 2574 off.
1351 2538 1366 2572 Ι
1393 2544 1410 2582 ξ
1432 2542 1508 2585 37),
1542 2541 1642 2575 daun

889 2584 970 2619 ‘der
982 2585 1262 2620 Landesfeind’.
1291 2586 1339 2622 So
1353 2586 1467 2622 heisst
1478 2587 1641 2623 Catilina.

887 2631 949 2667 bei
969 2632 1044 2667 Cic.
1067 2632 1106 2667 in
1129 2632 1208 2668 Cat.
1230 2633 1283 2668 ΙΙΙ
1303 2637 1322 2676 ξ
1342 2638 1384 2669 15
1406 2636 1538 2677 hostis,-
1564 2635 1640 2680 vgl.

887 2691 922 2724 p.
946 2679 1039 2716 Sest.
1062 2683 1080 2722 ξ
1103 2684 1158 2715 39.
1185 2681 1281 2717 Flor.
1303 2693 1338 2726 p.
1360 2686 1418 2726 33,
1441 2687 1483 2716 13
1505 2682 1640 2727 (Jahn).

888 2727 932 2762 H.
961 2728 987 2772 I,
1014 2731 1070 2771 85,
1101 2732 1155 2763 16.

934 2775 1138 2821 praedicit]
1185 2776 1285 2821 passi]
1323 2776 1429 2811 nicht
1462 2789 1506 2810 zu
1545 2780 1640 2819 θυσία,

887 2821 967 2858 also
994 2822 1055 2858 ein
1082 2824 1255 2869 Zeugma.

934 2874 966 2904 4.
1006 2882 1023 2906 e
1049 2871 1252 2917 contrario]
1286 2871 1356 2906 wie
1383 2882 1412 2906 c.
1435 2874 1498 2915 88,
1527 2871 1577 2915 II,
1606 2874 1638 2905 5.

886 2918 956 2962 ΙΙΙ,
984 2922 1039 2954 54.

1303 2977 1351 3010 4³4³
