1875 3214
633 90 775 126 L1BER
800 91 825 127 I.
873 90 975 125 CAP.
1005 94 1154 125 15—16.
1625 86 1684 128 35

108 205 308 256 effugerit,
353 215 397 242 ea
436 204 532 255 vita,
576 204 616 241 in
662 213 737 253 qua
779 201 878 239 nihil
915 202 1177 252 praeteritum
1216 199 1486 239 excusandum
1525 198 1683 237 habeas.

108 265 307 304 fortunam
346 262 474 302 adhuc
507 268 661 302 tantum
700 260 904 299 adversam
938 260 1083 299 tulisti:
1123 259 1319 299 secundae
1359 271 1424 298 res
1463 257 1685 297 acrioribus

108 323 279 363 stimulis
312 323 463 361 animos
496 321 721 373 explorant,
760 321 851 371 quia
883 321 1066 358 miseriae
1099 319 1339 370 tolerantur,
1379 318 1564 357 felicitate
1599 330 1684 356 cor-

106 384 342 435 rumpimur.

403 381 522 420 fidem
567 381 790 419 libertatem
835 380 1066 429 amicitiam,
1109 380 1324 429 praecipua
1362 378 1524 416 humani
1563 378 1686 416 animi
1711 384 1757 416 20

107 442 222 494 bona,
254 448 298 481 tu
324 441 484 493 quidem
511 440 648 479 eadem
675 439 895 478 constantia
922 437 1127 490 retinebis,
1161 437 1230 476 sed
1257 437 1322 476 alii
1348 450 1419 489 per
1447 436 1686 488 obsequium

108 502 362 541 imminuent:
389 502 592 551 inrumpet
612 498 782 538 adulatio
803 497 993 537 blanditia
1016 503 1054 536 et
1073 519 1131 524 -—
1152 498 1370 548 pessimum
1399 498 1481 535 veri
1507 496 1687 535 adfectus

109 573 305 601 venenum
342 582 389 587 —
424 572 492 599 sua
526 561 670 611 cuique
702 558 864 598 utilitas.
917 559 1035 597 etiam
1067 559 1104 596 si
1135 569 1206 608 ego
1239 568 1282 595 ac
1317 562 1360 595 tu
1394 555 1688 607 simplicissime

108 623 213 660 inter
245 632 318 659 nos
348 619 466 658 hodie
491 619 703 670 loquimur,
737 619 862 657 ceteri
887 617 1077 656 libentius
1104 629 1194 655 cum
1221 616 1380 655 fortuna
1406 623 1543 654 nostra
1570 627 1690 666 quam

107 680 335 732 nobiscum3
367 691 457 718 nam
490 678 657 718 suadere
690 678 881 729 principi,
914 676 1019 728 quod
1047 681 1246 727 oporteat,
1279 674 1394 714 multi
1426 674 1591 714 laboris:
1624 674 1688 713 ad-
1716 681 1761 714 25

111 741 278 779 sentatio
312 751 404 790 erga
437 749 729 790 quemcumque
762 738 984 788 principem
1018 737 1102 775 sine
1136 735 1294 774 adfectu
1326 730 1559 786 peragitur.’

229 796 288 837 ‘Si
319 799 544 837 inmensum
576 798 735 849 imperii
761 809 908 847 corpus
935 802 1040 835 stare
1068 808 1111 834 ac
1139 795 1277 834 librari
1303 796 1388 833 sine
1415 799 1572 833 rectore
1599 806 1688 844 pos·
1709 792 1761 834 16

112 866 184 912 set,
216 859 361 910 dignus
393 870 512 909 eram,
546 869 566 896 a
594 869 672 909 quo
698 868 763 895 res
796 856 954 907 publica
982 856 1196 906 inciperet:
1229 866 1336 894 nunc
1364 866 1410 892 eo
1438 854 1690 892 necessitatis

112 985 217 1028 test’,
255 985 325 1020 wie
362 996 391 1020 c.
426 988 470 1019 50
503 984 630 1029 potior
664 984 716 1018 im
753 981 865 1017 Sinne

113 1044 187 1069 von
209 1031 495 1077 ‘vorziiglicher'
519 1032 628 1067 steht.
668 1031 752 1076 Vgl.
774 1029 864 1066 Hor.

114 1092 172 1126 ep.
197 1080 225 1124 Ι,
253 1084 284 1123 6,
312 1083 358 1115 64
390 1081 452 1115 cui
479 1080 603 1124 potior
628 1079 760 1123 patria
791 1079 867 1121 fuit

114 1129 311 1164 interdicta
336 1128 525 1172 voluptas;
552 1131 584 1170 5,
605 1130 650 1161 27
678 1127 752 1161 nisi
778 1137 866 1161 cena

107 1177 217 1222 prior
236 1176 430 1220 potiorque
449 1175 576 1220 puella
600 1174 782 1210 Sabinum
808 1174 865 1208 cle-

114 1224 214 1259 tinet.

167 1274 222 1306 17.
249 1270 431 1316 effugerit]
462 1269 653 1305 ‘entrsickt
678 1269 754 1304 ist’.

166 1319 414 1354 excusandum
439 1317 588 1363 habeas]
616 1319 709 1352 state
735 1317 868 1352 habeas

119 1367 216 1411 quod
230 1377 384 1410 excuses,
401 1365 470 1400 wie
479 1364 542 1409 IV,
554 1370 596 1400 77
601 1393 608 1409 ,
620 1369 674 1399 15.
689 1364 866 1409 Draeger,

119 1413 223 1459 Synt.
245 1417 264 1456 ξ
285 1416 341 1457 27,
362 1425 391 1449 e.
425 1414 535 1448 Peter
561 1426 605 1447 zu
631 1412 726 1447 Dial.
757 1416 788 1455 8,
812 1415 866 1448 12.

168 1464 222 1496 18.
237 1462 425 1504 fortunam
439 1460 644 1506 adversam]
663 1460 734 1494 Zur
750 1459 868 1494 Sache

117 1509 193 1555 vgl.
222 1520 251 1546 c,
279 1512 336 1552 48,
363 1513 395 1544 2.

165 1557 344 1592 secundae
382 1567 438 1590 res
476 1556 682 1590 acrioribus
713 1554 870 1589 stimulis

119 1605 260 1639 animos
285 1603 493 1648 explorant]
521 1603 594 1637 Das
621 1601 741 1636 Glfiek
768 1601 871 1646 priift

119 1650 189 1686 mit
215 1650 422 1685 scharferer
448 1649 571 1685 Sonde
598 1650 663 1684 das
688 1648 803 1691 Hem,
832 1660 869 1683 es

124 1698 229 1734 stellt
254 1697 326 1732 den
347 1697 554 1732 Charakter
581 1697 646 1732 auf
669 1696 750 1732 eine
777 1698 870 1731 star-

118 1745 207 1780 kere
233 1744 368 1788 Probe,
401 1745 567 1780 insofern
600 1744 652 1779 im
679 1743 799 1779 Glfick
830 1754 868 1778 es

119 1793 198 1828 sich
228 1791 335 1827 recht
366 1791 483 1837 zeigt,
522 1792 568 1826 ob
603 1792 667 1827 das
697 1792 868 1826 mensch-

119 1840 217 1876 liche
250 1840 347 1874 Herz
381 1840 452 1874 den
478 1839 774 1883 Versuchungen
807 1851 870 1873 zur

118 1887 492 1932 Selbstiiberhebung
506 1884 641 1933 (ὕβρις)
656 1886 871 1931 gegenfiber

123 1935 290 1980 gestahlt
307 1935 358 1970 ist
377 1935 466 1971 oder
482 1934 596 1969 ihnen
611 1935 755 1979 erliegt.
784 1934 868 1979 Vgl.

121 1981 186 2019 Sil.
208 1982 299 2018 Pun.
318 1981 381 2026 IV,
403 1986 471 2018 603
498 1983 692 2027 eaeplorant
717 1982 870 2016 adversa

121 2031 237 2072 viros‚·
273 2029 369 2066 Plin.
395 2042 480 2075 pan.
509 2033 552 2064 31
593 2041 674 2064 cum
711 2030 871 2064 secunda

118 2078 250 2121 felices,
263 2078 415 2113 adversa
425 2088 575 2122 magnos
585 2078 751 2122 probent.
779 2077 869 2111 Zum

118 2124 322 2170 folgenden
330 2124 537 2159 Gedanken
546 2125 621 2169 vgl.
630 2125 722 2170 Nep.
733 2124 867 2159 Timol.

122 2176 159 2217 1,
195 2176 215 2207 2
254 2173 294 2207 id
332 2173 428 2217 quod
465 2172 658 2215 difficilius
696 2175 868 2216 putatur,

120 2221 232 2255 multo
242 2220 446 2264 sapientius
456 2220 543 2255 tulit
555 2220 750 2254 secundam
761 2231 870 2264 quam

121 2268 311 2303 adversam
335 2268 535 2310 fortunam.

168 2319 224 2350 21.
251 2315 474 2360 obsequium]
503 2312 775 2358 ‘Geffigigkeit‚
796 2314 870 2348 Un-

120 2362 405 2408 terwiirfigkeit’
436 2362 505 2397 wie
532 2374 561 2397 e.
591 2365 646 2406 19,
674 2364 705 2395 3.
743 2360 783 2396 G.
812 2365 868 2396 29.

168 2414 223 2445 22.
257 2411 470 2445 imminuere
504 2408 776 2451 ‘schmalern'3
813 2410 871 2443 in-

126 2469 291 2502 rumpere
318 2457 412 2492 ‘sich
438 2456 697 2502 eindrangen'.

172 2505 370 2551 blanditia]
397 2505 472 2540 Der
499 2504 674 2550 Singular
700 2502 769 2538 wie
797 2503 870 2539 Cic.

120 2551 221 2588 Lael.
249 2556 267 2595 ξ
296 2556 339 2587 91
371 2554 424 2588 sie
454 2553 659 2588 habendum
691 2555 759 2593 est,
790 2552 871 2586 nal—

124 2600 198 2636 lam
217 2601 258 2635 in
277 2601 452 2635 amicitiis
466 2604 600 2645 pestem
615 2610 688 2634 esse
702 2600 872 2633 maiorem

121 2659 230 2693 quam
250 2648 497 2683 adulationem
516 2648 735 2682 blanditiam
752 2657 870 2681 assen-

122 2696 304 2730 tationem.

171 2743 218 2789 et]
247 2755 272 2778 s.
300 2754 343 2776 zu
371 2754 400 2778 c.
428 2746 484 2787 51,
511 2746 567 2777 25.

146 2800 276 2825 .verus
307 2791 472 2834 adfectus
505 2790 608 2824 ‘eine
649 2788 873 2834 aufrichtige

124 2837 397 2883 Empfindung,
437 2837 496 2872 ein
535 2837 661 2872 echtes
695 2835 870 2878 Geffihl’;

125 2885 290 2929 adfectus
314 2885 385 2920 wie
412 2884 450 2919 Z.
472 2888 528 2920 26.
556 2896 584 2919 c.
614 2888 670 2929 72,
697 2887 727 2919 8.
757 2887 812 2927 83,
842 2888 872 2921 7.

940 982 1002 1027 IV,
1042 986 1105 1024 31,
1138 986 1170 1016 5.
1233 981 1408 1016 Dieselbe
1458 979 1692 1015 rhetorisehe

939 1029 1236 1073 Voranstellung
1262 1030 1327 1063 der
1352 1027 1545 1073 logisehen
1566 1029 1692 1072 Appo-

941 1077 1055 1112 sition
1089 1088 1155 1111 vor
1181 1078 1252 1111 den
1279 1089 1322 1110 zu
1350 1075 1597 1110 erklarenden
1624 1074 1691 1109 Be-

939 1124 1031 1171 griff
1052 1128 1135 1167 (sua
1160 1125 1289 1168 cuique
1322 1124 1479 1166 utilitas)
1512 1123 1562 1157 im
1596 1123 1692 1157 drei-

941 1172 1152 1218 gliedrigen
1167 1172 1385 1216 Asyndeton
1408 1171 1498 1206 oder
1513 1169 1692 1215 Polysyn-

941 1221 1053 1255 deton
1072 1220 1190 1254 findet
1211 1219 1290 1254 sich
1314 1219 1387 1254 Cic.
1404 1229 1479 1253 acc.
1495 1218 1533 1252 in
1547 1217 1694 1252 Verr.V

941 1272 960 1310 ξ
982 1272 1026 1302 14
1054 1268 1198 1303 verbera
1226 1272 1333 1311 atque
1360 1267 1459 1311 z'ynes
1485 1270 1516 1300 et
1542 1266 1609 1300 illa
1636 1277 1693 1300 ea:-

941 1321 1055 1351 trema
1087 1316 1136 1350 ad
1168 1316 1392 1359 supplicium
1423 1315 1693 1357 damnatorum,

944 1367 1075 1398 metum
1100 1366 1309 1405 ceterorum,
1331 1363 1517 1396 eruciatus
1539 1365 1570 1396 et
1590 1373 1692 1397 crux.

942 1410 1028 1455 Vgl.
1057 1423 1100 1445 zu
1126 1411 1170 1445 H.
1197 1409 1260 1453 ΠΙ,
1288 1414 1344 1452 31,
1373 1413 1428 1444 20.
1456 1413 1512 1451 40,
1542 1412 1596 1444 10.

991 1462 1125 1493 23.sua
1137 1456 1694 1503 cuiqueutilitas]‘Eigennutz'.

990 1505 1272 1551 simplicissime]
1297 1504 1409 1540 ‘offen
1434 1505 1510 1538 und
1537 1503 1694 1548 ehrlich,

945 1553 1041 1589 ohne
1068 1551 1429 1597 Nebengedanken',
1456 1552 1526 1586 wie
1553 1552 1616 1596 111,
1638 1555 1694 1588 53.

944 1601 987 1637 A.
1008 1601 1072 1645 IV,
1091 1604 1148 1635 40.
1171 1601 1266 1635 Dial.
1289 1604 1344 1634 21.
1366 1604 1428 1641 25;
1457 1599 1608 1644 ‘arglos,
1629 1612 1694 1634 un-

943 1649 1144 1693 befangen’
1162 1648 1206 1682 H.
1224 1647 1286 1690 ΠΙ,
1302 1651 1346 1682 86
1374 1647 1416 1681 A.
1426 1647 1518 1690 I‚69.
1547 1647 1695 1682 Ebenso

942 1697 1171 1778 simplicitas.
1198 1695 1241 1730 Η,
1270 1696 1333 1738 ΙΙΙ,
1360 1699 1416 1739 86,
1444 1699 1474 1730 6.
1502 1696 1545 1730 A.
1573 1694 1634 1738 Vl,
1663 1698 1694 1730 5.

1015 1744 1041 1785 Ι,
1073 1747 1125 1779 18.

992 1795 1047 1826 24.
1076 1792 1247 1826 libentius
1274 1802 1354 1825 eum
1378 1792 1531 1834 fortuna
1550 1790 1695 1835 nostra]

946 1840 1037 1874 Zum
1060 1839 1266 1874 Gedanken
1286 1838 1360 1883 vgl.
1384 1841 1426 1873 A.
1448 1838 1493 1881 Il,
1510 1841 1551 1872 71
1575 1838 1695 1872 vindi-

945 1887 1075 1922 cabitis
1104 1897 1173 1929 cos,
1200 1888 1233 1921 si
1258 1898 1311 1920 me
1334 1887 1458 1930 potius
1484 1897 1592 1930 quam
1618 1886 1696 1928 for-

944 1938 1074 1969 tunam
1098 1946 1213 1969 meam
1238 1934 1426 1977 focebatis.
1458 1933 1605 1977 Wegen
1631 1933 1697 1967 der

945 1981 1273 2026 Wortbedeutung
1299 1993 1325 2017 s.
1353 1993 1396 2015 zu
1421 1980 1466 2024 II,
1496 1985 1527 2023 1,
1555 1985 1585 2016 9.

992 2033 1048 2065 25.
1077 2029 1166 2063 Zum
1197 2028 1401 2063 Gedanken
1427 2028 1500 2073 vgl.
1523 2027 1613 2063 Sall.
1637 2039 1695 2071 ep.

944 2077 977 2111 ΙΙ
1005 2076 1054 2111 ad
1080 2076 1182 2112 Caes.
1209 2078 1283 2111 scio
1309 2087 1382 2122 eqo,
1411 2088 1518 2120 quam
1545 2076 1697 2118 difficile

943 2129 973 2160 et
1001 2136 1169 2168 asperum
1187 2124 1290 2167 factu
1311 2125 1359 2158 sit
1378 2124 1569 2158 eonsilium
1597 2124 1696 2158 clare.

990 2173 1097 2207 multi
1129 2172 1280 2217 laboris]
1317 2183 1365 2205 sc.
1400 2172 1473 2214 est,
1511 2171 1581 2205 ‘ist
1613 2171 1696 2205 eine

943 2220 1139 2254 miihsame
1159 2219 1361 2263 Aufgabe’.
1390 2218 1425 2252 S.
1446 2231 1488 2252 zu
1510 2230 1538 2252 c.
1562 2222 1617 2261 16,
1638 2221 1695 2254 20.

992 2268 1197 2302 adsentatio
1214 2266 1480 2311 ‘unbcdingtes
1497 2266 1697 2311 Beipflich·

946 2318 1021 2358 ten,
1048 2314 1241 2359 Jasagen'.

992 2366 1048 2397 26.
1077 2361 1344 2407 quemcumque]
1373 2373 1399 2395 s.
1428 2374 1471 2396 zu
1498 2372 1527 2396 c.
1557 2365 1611 2405 11,
1641 2365 1694 2397 11.

992 2411 1071 2444 sine
1096 2409 1258 2455 adfectu]
1295 2409 1406 2444 ‘ohne
1432 2409 1696 2454 Empfindung,

946 2457 1041 2492 ohne
1076 2456 1294 2501 Neigung'3
1338 2457 1412 2502 vgl.
1440 2456 1503 2500 IV,
1532 2461 1573 2491 31
1615 2458 1698 2501 quis

945 2505 1081 2539 militia
1105 2505 1183 2539 sine
1209 2505 1366 2547 adfectu.

990 2552 1199 2598 perayitur]
1237 2552 1341 2597 ‘geht
1373 2563 1440 2587 vor
1466 2552 1570 2594 sich,
1603 2550 1696 2586 wird

946 2611 1094 2644 zuwege
1121 2600 1329 2644 gebracht’.

995 2694 1058 2730 16.
1087 2698 1118 2730 2.
1146 2695 1280 2739 dignas
1307 2694 1420 2740 eram]
1444 2706 1470 2728 s.
1487 2706 1530 2728 zu
1545 2705 1574 2728 c.
1593 2698 1647 2736 15,
1663 2697 1696 2728 3.

994 2753 1050 2777 res
1063 2742 1234 2788 publiea]
1256 2743 1307 2776 im
1327 2744 1562 2786 pragnanten
1583 2740 1696 2775 Sinne

949 2789 1024 2824 ‘die
1062 2789 1286 2834 Repnbhk’.
1344 2789 1491 2824 Ebenso
1526 2790 1567 2823 A.
1605 2789 1639 2832 Ι,
1677 2793 1697 2823 3

946 2838 1226 2882 quotusquisque
1253 2837 1426 2881 reliquus,
1452 2837 1515 2881 qui
1540 2847 1612 2871 rem
1626 2847 1698 2881 pu—

949 2886 1079 2921 blicam
1107 2884 1277 2920 vidisset?
1317 2884 1360 2917 H.
1377 2884 1402 2926 Ι,
1421 2887 1464 2918 50
1484 2895 1696 2919 mansuram
