1875 3214
599 99 747 135 L1BER
772 101 816 136 ΙΙ.
862 99 967 135 CAP.
996 103 1148 135 17-19.
1598 98 1680 140 157

97 213 263 254 militem
296 225 370 252 nec
403 214 476 252 tris
509 213 730 264 praetorias
758 211 943 250 cohortes
971 216 1010 250 et
1035 210 1143 250 mille
1170 210 1396 250 vexillarios
1424 223 1517 250 cum
1542 212 1682 262 paucis

95 272 302 326 equitibus
340 278 528 311 veterano
568 272 764 311 exercitui
796 270 976 323 obicere3
1016 270 1084 309 sed
1118 270 1336 309 indomitus
1371 270 1484 309 miles
1517 276 1557 309 et
1589 270 1684 309 belli

95 334 261 385 ignarus
294 333 491 384 correptis
524 333 648 383 signis
680 330 915 382 vexillisque
948 342 1068 368 ruere
1101 335 1140 368 et
1172 331 1362 369 retinenti
1396 330 1489 369 duci
1519 329 1597 369 tela
1623 331 1682 369 in·
1712 337 1732 369 5

96 397 252 432 tentare
294 393 440 444 spretis
480 389 785 431 centurionibus
823 389 1096 441 tribunisque3
1137 390 1234 440 quin
1266 389 1383 441 prodi
1416 388 1615 429 Othonem
1648 395 1687 429 et

96 453 270 492 accitum
303 451 513 491 Caecinam
552 449 818 490 clamitabant.
868 449 912 488 fit
950 450 1187 488 temeritatis
1227 448 1377 488 alienae
1417 461 1550 488 comes
1585 449 1684 501 Spu-

95 512 225 565 rinna,
257 513 386 563 primo
420 516 594 563 coactus,
626 522 718 549 mox
750 508 850 548 velle
884 508 1088 560 simulans,
1123 520 1201 560 quo
1234 508 1324 559 plus
1351 510 1601 548 auctoritatis
1628 511 1686 547 in-

94 576 206 611 esset
237 570 435 623 consiliis,
468 572 501 609 si
534 570 676 609 seditio
710 570 953 608 mitesceret.

216 630 434 682 Postquam
460 641 540 670 non
567 632 649 669 iam
673 630 715 668 in
743 634 963 680 conspectu
983 627 1115 667 Padus
1143 632 1182 666 et
1202 639 1280 666 nox
1301 626 1524 680 adpetebat,
1551 627 1688 667 vallari
1705 626 1757 668 19

95 695 228 730 castra
270 689 432 741 placuit.
483 691 518 728 is
562 689 674 728 labor
720 687 874 728 urbano
915 687 1033 727 militi
1070 686 1257 726 insolitus
1297 687 1481 726 contudit
1520 689 1684 727 animos.

95 756 182 790 tum
213 751 512 789 vetustissimus
545 750 717 801 quisque
751 749 946 799 castigare
979 746 1258 786 credulitatem
1292 759 1424 800 suam,
1457 752 1609 786 metum
1642 760 1686 786 ac

96 810 314 849 discrimen
343 809 568 862 ostendere,
595 810 630 847 si
656 820 748 847 cum
776 809 957 847 exercitu
978 807 1147 847 Caecina
1173 806 1404 858 patentibus
1431 808 1581 858 campis
1606 813 1687 846 tam

94 882 243 922 paucas
284 869 471 909 cohortes
510 867 848 908 circumfudisset.
899 868 1056 918 iamque
1096 868 1191 906 totis
1225 868 1368 906 castris
1399 867 1571 906 modesti
1604 879 1685 906 ser-

95 942 256 982 mones,
289 935 329 968 et
361 928 634 968 inserentibus
668 940 710 967 se
744 926 1049 966 centurionibus
1082 926 1338 978 tribunisque
1371 926 1525 965 laudari
1555 928 1686 978 provi-

96 989 231 1029 dentia
276 989 408 1042 ducis,
454 988 560 1040 quod
606 987 802 1027 coloniam
846 988 991 1026 virium
1033 992 1072 1026 et
1112 999 1233 1038 opum
1272 986 1439 1025 validam
1477 986 1603 1025 robur
1642 999 1687 1026 ac

96 1042 233 1089 sedem
277 1048 382 1088 hello
427 1048 602 1100 legisset.
659 1049 745 1099 ipse
790 1052 995 1099 postremo
1036 1046 1238 1098 Spurinna
1284 1058 1363 1085 non
1408 1052 1489 1085 tam
1529 1045 1687 1098 culpam

95 1109 343 1161 exprobrans
385 1121 504 1161 quam
539 1109 737 1147 rationem
771 1107 1005 1159 ostendens,
1043 1106 1195 1145 relictis
1229 1105 1548 1157 exploratoribus
1582 1112 1685 1146 cete-

147 1235 324 1282 coercere]
344 1235 464 1271 Daffir
486 1235 613 1270 wurde
634 1233 748 1270 Casar
774 1244 857 1270 con-

96 1283 213 1319 tinere
237 1285 374 1330 gesagt
398 1283 534 1319 haben.

146 1348 180 1379 3.
214 1343 445 1390 veoeillarios]
473 1343 507 1378 d.
535 1342 560 1377 i.
587 1342 726 1378 electos
752 1353 772 1378 e
805 1342 857 1377 le-

97 1390 274 1436 gionibus
295 1390 521 1426 Pannonicis
541 1390 603 1426 vel
620 1390 857 1433 Dalmaticis,

99 1439 163 1483 qui
189 1439 259 1474 sub
285 1439 424 1475 vexillo
452 1440 568 1474 erant.
607 1437 641 1473 S.
670 1450 715 1473 zu
742 1449 772 1473 e.
802 1442 857 1480 11,

98 1490 119 1522 3
145 1487 223 1522 und.
248 1487 275 1532 I,
305 1490 362 1531 31,
392 1490 447 1522 16.
499 1486 548 1522 So
574 1485 669 1520 wird
696 1486 756 1521 die
782 1484 857 1520 Ab·

101 1533 247 1581 teilung
273 1534 339 1570 der
366 1538 421 1570 14.
443 1533 599 1579 Legion,
625 1533 769 1569 welche
796 1534 858 1569 bei

100 1582 285 1618 Cremona
310 1581 572 1627 mitk'ampfte,
608 1592 638 1616 e.
662 1586 718 1625 66,
739 1585 762 1616 4
788 1581 859 1616 mit

101 1630 187 1665 dem
201 1630 403 1665 Ausdruck
416 1630 606 1665 vexillarii
624 1629 856 1664 bezeichnet.

149 1681 181 1712 5.
227 1678 363 1724 signis]
403 1678 613 1713 cohortium
650 1676 857 1722 manipulo<

102 1737 270 1771 rumque.

146 1773 309 1819 vexillis]
332 1772 502 1817 equitum
523 1774 566 1818 (s.
588 1784 633 1806 zu
654 1783 684 1807 c.
708 1776 763 1817 11,
786 1773 856 1817 10).

105 1820 187 1867 Vgl.
214 1832 245 1856 c.
275 1824 333 1864 43,
361 1825 392 1855 7.
420 1820 485 1863 IV,
513 1824 569 1863 15,
600 1824 654 1855 17.

147 1879 255 1905 ruere
283 1867 437 1903 ‘darauf
453 1868 510 1903 los
531 1868 729 1904 sturmen'.
758 1867 792 1902 S.
814 1880 859 1903 zu

102 1916 129 1962 1,
156 1920 214 1961 56,
242 1919 263 1951 2
290 1915 368 1951 und
394 1915 459 1960 111,
486 1919 543 1959 82,
573 1918 628 1951 18.

149 1964 343 2010 retinenti]
369 1962 470 1999 Part.
492 1964 616 1999 Praes.
639 1964 685 1999 de
707 1964 857 1999 conatu.

151 2027 184 2061 6.
211 2023 319 2070 quin]
348 2022 468 2057 Dafsir
494 2024 598 2058 sonst
622 2024 714 2069 quin
737 2024 857 2059 etiam.

103 2071 173 2108 Die
190 2071 372 2107 Soldaten
387 2070 568 2114 schrieen,
583 2081 623 2107 es
637 2075 738 2106 ware
752 2072 859 2106 nicht

104 2119 201 2156 bloss
228 2117 417 2165 Feighest,
445 2119 607 2154 sondern
633 2130 743 2164 sogar
767 2120 859 2154 Ver-

102 2170 163 2203 tat
186 2167 239 2203 im
267 2166 404 2212 Spiele.

152 2219 186 2251 9.
212 2214 424 2261 mitesceret]
452 2214 512 2249 fiir
542 2215 751 2256 sedaretur;
783 2214 859 2259 vgl.

103 2262 182 2299 Liv.
209 2263 254 2306 V,
285 2267 328 2298 17
355 2263 536 2298 mitescere
567 2263 773 2298 discordiae
804 2263 859 2296 in-

99 2312 269 2347 testinae.
285 2340 293 2348 .
309 2339 317 2348 .
327 2314 480 2356 coeptae.

150 2430 214 2466 19.
244 2433 274 2465 1.
301 2441 378 2466 ‘non
402 2431 478 2466 iam
503 2431 546 2465 in
571 2430 780 2476 conspeetu]
808 2440 856 2466 so.

102 2480 194 2514 erat.
233 2479 282 2514 So
303 2478 394 2514 oder
413 2479 456 2514 in
473 2481 667 2523 prospectu
686 2477 738 2512 ist
757 2478 858 2512 wohl

102 2526 163 2562 die
197 2525 330 2562 Lesart
368 2526 434 2561 des
465 2525 656 2561 Mediceus
693 2526 735 2560 in
774 2536 856 2560 con-

102 2577 228 2620 spectu
242 2585 286 2609 zu
300 2573 644 2609 emendieren.A1s
666 2572 725 2607 die
740 2572 857 2618 Trup-

102 2633 176 2668 pen
190 2622 263 2658 den
275 2621 500 2657 Vormarseh
515 2632 638 2666 gegen
653 2620 726 2655 den
739 2619 857 2656 Feind

104 2670 172 2704 auf
201 2670 287 2705 dem
318 2669 473 2707 linken
480 2668 545 2704 Po-
550 2668 641 2704 Ufer
672 2679 747 2704 von
773 2669 857 2704 Pla-

104 2718 230 2753 centia,
255 2729 322 2753 aus
348 2719 542 2760 antraten,
575 2716 640 2762 lag
668 2716 858 2751 naturlich

105 2765 172 2801 der
192 2766 318 2800 Strom
336 2766 435 2801 noch
460 2765 500 2800 in
525 2765 646 2800 ihrem
667 2762 857 2799 Gesichts-

103 2813 245 2857 kreise3
279 2814 334 2848 als
367 2813 458 2848 aber
489 2824 612 2858 gegen
638 2812 771 2847 Abend
798 2811 859 2847 ein

104 2861 366 2896 verschanztes
400 2861 524 2906 Lager
563 2858 859 2905 aufgeschlagen

104 2909 257 2950 werden
293 2909 422 2954 sollte,
460 2907 648 2943 befanden
687 2907 742 2943 sie
780 2908 859 2943 sich

930 1234 969 1269 in
990 1234 1055 1268 der
1077 1233 1224 1269 offenen
1238 1232 1438 1268 Po-Ebene
1454 1234 1687 1278 (patentibus

930 1283 1095 1326 campis),
1107 1282 1182 1316 und
1192 1281 1306 1316 somit
1313 1281 1377 1326 lag
1386 1281 1451 1316 der
1460 1281 1686 1316 schiitzende

932 1330 1057 1365 Strom
1071 1328 1179 1364 nicht
1192 1329 1298 1363 mehr
1312 1328 1350 1363 in
1364 1329 1486 1363 ihrem
1499 1328 1687 1364 Gesichts-

930 1377 1064 1413 kreise.
1104 1376 1148 1411 In
1175 1376 1296 1412 dieser
1323 1376 1512 1412 Situation
1538 1376 1687 1412 fiihlten

932 1426 985 1461 sie
1001 1425 1081 1460 sich
1101 1424 1292 1459 natfirlich
1313 1423 1474 1459 aurserst
1492 1424 1686 1470 unbehag-

931 1474 1019 1508 lich.
1057 1471 1144 1518 Vgl.
1173 1471 1276 1507 Caes.
1304 1472 1340 1507 b.
1370 1471 1412 1506 G.
1439 1472 1483 1516 V,
1506 1476 1560 1515 10,
1583 1476 1603 1506 2
1630 1472 1687 1507 his

931 1522 1167 1566 aliquantum
1194 1521 1340 1555 itineris
1361 1521 1579 1566 proqressis,
1605 1531 1687 1556 cum

931 1570 1006 1604 iam
1017 1569 1169 1604 extremi
1182 1571 1296 1603 essent
1308 1568 1349 1602 in
1366 1572 1562 1613 prospectu
1576 1569 1589 1612 (
1603 1568 1688 1614 {nur

931 1617 970 1651 in
998 1618 1063 1651 der
1088 1616 1208 1651 Feme
1235 1615 1435 1660 sichtbar’)
1467 1617 1538 1652 etc.
1588 1606 1689 1651 Uber

925 1668 1122 1710 postquam
1142 1664 1213 1698 mit
1237 1663 1321 1698 dem
1342 1663 1453 1708 Impf.
1474 1663 1512 1698 in
1532 1663 1599 1699 der
1618 1663 1688 1698 Be-

933 1713 1101 1757 deutung
1129 1711 1320 1746 ‘seitdem'
1351 1723 1377 1745 s.
1405 1711 1588 1755 Heraeus,
1621 1711 1687 1746 lat.

933 1759 1104 1805 Schulgr.
1145 1763 1164 1802 ἓ
1197 1763 1284 1802 208,
1320 1763 1338 1793 1
1373 1758 1484 1794 Anm.
1518 1763 1549 1794 3.
1602 1758 1686 1804 Vgl.

932 1808 1112 1854 Draeger,
1139 1806 1243 1852 Synt.
1272 1810 1291 1849 ξ
1321 1810 1400 1842 166.

980 1860 1013 1890 2.
1059 1855 1241 1901 contudit]
1283 1872 1327 1884 =
1372 1855 1501 1899 freyit,
1545 1855 1689 1898 afflixit

935 1904 1086 1949 ‘schlug
1110 1903 1254 1938 nieder’
1293 1903 1392 1937 nach
1417 1902 1567 1948 Vergils
1593 1901 1688 1937 Vor-

933 1963 1034 1997 gang
1061 1952 1167 1996 (Aen.
1194 1951 1222 1994 I,
1250 1954 1319 1985 263
1343 1951 1569 1996 populosque
1593 1950 1688 1993 fero-

932 2001 984 2035 cis
1004 1999 1227 2043 contundet).
1264 1997 1413 2032 Ebenso
1434 1997 1513 2032 Liv.
1535 1997 1687 2042 XXVII,

934 2051 976 2082 12
1005 2047 1269 2083 contunderent
1294 2047 1470 2089 ferociam
1489 2046 1623 2088 hostis;
1648 2047 1688 2081 in

933 2095 1181 2139 Verbindung
1212 2094 1282 2129 mit
1312 2095 1484 2139 frangere
1518 2093 1579 2128 bei
1612 2092 1687 2129 Cic.

933 2143 1031 2177 Phil.
1069 2142 1156 2177 XIII
1195 2145 1214 2184 ἓ
1250 2146 1294 2177 29
1334 2142 1486 2177 contudi
1524 2145 1556 2177 et
1593 2142 1689 2186 freyi

934 2190 1202 2226 adiuvantibus
1221 2190 1323 2225 vobis
1341 2190 1562 2225 exsultantis
1577 2200 1687 2235 prae-

934 2239 1042 2273 donis
1068 2239 1278 2273 audaciam.

983 2290 1015 2320 3.
1042 2286 1190 2332 metum]
1220 2297 1246 2320 s.
1273 2297 1318 2319 zu
1344 2288 1542 2328 c.12‚10.

983 2337 1015 2369 5.
1043 2333 1352 2379 circumfudisset]
1382 2331 1493 2377 Konj.
1520 2333 1604 2368 Fut.
1631 2343 1687 2368 ex.

981 2386 1011 2417 7.
1039 2382 1154 2417 robur
1179 2392 1223 2416 ac
1249 2379 1417 2427 sedem]
1411 2379 1450 2415 ἐν
1472 2377 1537 2415 διὰ
1564 2381 1686 2421 δυοῖν,

934 2430 1014 2464 ‘zur
1039 2430 1165 2465 festen
1190 2429 1310 2463 Basis’
1324 2443 1331 2470 3
1358 2429 1435 2474 vgl.
1461 2427 1524 2474 ΙΙΙ,
1549 2431 1569 2462 8
1596 2439 1688 2474 quae

930 2478 1028 2513 sedes
1060 2478 1151 2513 bello
1184 2478 1370 2522 legeretur.
1404 2497 1452 2502 —
1488 2456 1589 2511 Uber
1627 2476 1687 2510 die

932 2525 1106 2561 Genitive
1125 2525 1306 2569 virium(‘
1312 2523 1569 2559 Streitkrafte‘
1575 2525 1587 2569 )
1611 2524 1688 2559 und

931 2584 1039 2618 opum
1067 2572 1355 2618 (Geldmittel')
1392 2585 1418 2607 s.
1446 2572 1612 2617 Draeger
1644 2583 1688 2606 zu

931 2623 974 2656 A.
1002 2620 1064 2663 IV,
1091 2624 1136 2655 21
1163 2620 1240 2655 und
1267 2621 1371 2665 Synt.
1399 2624 1418 2662 ἓ
1445 2624 1501 2663 71,
1524 2621 1557 2654 b.

981 2672 1012 2703 8.
1041 2668 1145 2714 bello]
1175 2680 1201 2703 s.
1229 2679 1274 2702 zu
1299 2669 1326 2713 Ι,
1355 2672 1411 2710 67,
1437 2671 1469 2702 4.

980 2720 1012 2750 9.
1039 2717 1137 2752 ratio
1160 2716 1243 2751 ‘das
1264 2714 1512 2760 planm‘assige
1528 2713 1686 2748 Vei-fah-

932 2764 1026 2807 ren',
1053 2765 1124 2810 eig.
1144 2763 1219 2799 ‘die
1241 2762 1510 2809 (verniinftige)
1526 2761 1687 2796 Berech-

932 2812 1065 2857 nung'3
1079 2812 1155 2858 vgl.
1165 2822 1194 2847 c.
1205 2815 1250 2847 25
1265 2811 1421 2847 consilia
1432 2821 1513 2845 cum
1523 2810 1687 2850 ratione

933 2871 962 2895 c.
992 2863 1036 2894 26
1072 2861 1175 2905 apud
1204 2869 1345 2904 paucos
1379 2869 1421 2893 ea
1453 2858 1559 2892 ducis
1589 2857 1687 2892 ratio

926 2908 1109 2953 probata,
1126 2919 1155 2942 c
1167 2911 1211 2942 80
1226 2907 1439 2951 spestimor,
1449 2906 1548 2941 ratio
1560 2915 1685 2947 casus,-
