1875 3214
242 100 327 141 134

765 98 927 135 TAClTI
953 98 1290 136 HISTORIARUM

169 221 212 253 10
239 218 278 251 et
310 212 432 251 Mario
467 212 591 263 Celso,
626 214 678 251 ita
711 214 751 251 in
784 211 905 251 rebus
938 212 1101 251 urbanis
1135 212 1264 251 Galeri
1291 213 1472 252 Trachali
1504 215 1662 264 ingenio
1690 214 1810 254 Otho-

239 285 329 311 nem
369 273 427 311 uti
466 272 720 324 credebatur3
760 278 798 310 et
837 278 948 311 erant
988 273 1055 324 qui
1094 284 1219 324 genus
1252 273 1381 323 ipsum
1415 273 1554 312 orandi
1586 280 1810 326 noscerent,

239 332 380 371 crebro
415 332 490 371 fori
522 344 597 370 usu
630 332 785 371 celebre
819 337 858 371 et
890 332 936 371 ad
971 332 1190 383 implendas
1224 331 1359 383 populi
1392 344 1508 371 aures
1535 332 1657 372 latum
1685 338 1724 372 et
1750 345 1810 372 so-

238 404 348 430 nans.
400 391 547 430 clamor
585 404 781 443 vocesque
822 391 927 443 vulgi
967 404 1013 430 ex
1053 403 1162 430 more
1203 391 1388 430 adulandi
1426 393 1569 431 nimiae
1603 398 1642 431 et
1674 392 1810 432 falsae:

239 452 352 502 quasi
390 451 624 490 dictatorem
664 451 870 491 Caesarem
911 457 978 490 aut
1016 452 1297 502 imperatorem
1337 451 1558 502 Augustum
1597 464 1811 504 proseque-

241 516 392 563 rentur,
426 512 478 550 ita
512 511 653 549 studiis
687 513 866 562 votisque
900 510 1117 562 certabant,
1151 522 1223 548 nec
1255 515 1364 549 metu
1398 516 1464 550 aut
1490 523 1635 563 amore,
1668 511 1736 550 sed
1765 524 1811 550 ex

238 570 400 609 libidine
429 572 599 610 servitii:
631 577 674 609 ut
701 572 741 609 in
769 569 938 622 familiis,
964 571 1115 620 privata
1143 571 1287 621 cuique
1315 569 1543 623 stimulatiO,
1569 576 1609 610 et
1636 570 1709 609 vile
1736 572 1812 610 iam

170 518 212 549 15

288 712 343 743 10.
371 710 411 743 in
430 709 536 744 rebus
554 709 725 755 urbanis]
756 708 809 742 ‘in
831 708 986 743 inneren

237 756 602 802 Angelegenheiten,
647 756 686 790 in
732 756 878 801 Fragen
922 756 987 790 der

237 803 389 839 inneren
416 803 586 847 Politik’,
618 803 671 837 im
697 804 906 848 Gegensatz
942 815 987 837 zu

238 852 402 887 consiliis
434 852 598 886 militiae.
651 851 736 896 Vgl.
764 850 828 886 Cic
853 851 899 886 de
927 850 984 886 off.

237 899 253 934 Ι
281 902 299 941 ξ
327 902 370 933 76
402 900 463 934 sed
495 902 615 934 tamen
644 900 683 934 id
709 900 829 944 ipsum
854 903 905 934 est
929 910 987 944 ye-

237 951 332 982 stum
366 947 517 982 consilio
542 948 686 982 urbano
711 947 789 982 sine
814 947 985 982 exercitu.

237 994 496 1039 Nagelsbaeh,
523 994 589 1029 lat.
618 995 699 1029 Stil.
727 998 746 1037 ἓ
774 998 807 1038 2,
834 998 866 1028 2.

288 1042 344 1077 M.
372 1042 544 1077 Galerius
574 1042 775 1077 Trachalus
801 1053 877 1076 war
903 1041 927 1076 i.
954 1041 986 1077 J.

239 1093 283 1124 68
310 1090 453 1125 Konsul
486 1101 669 1135 gewesen.
722 1091 833 1124 Trotz
869 1089 989 1124 seiner

239 1136 463 1182 Thatigkeit
484 1138 538 1172 als
558 1137 741 1172 Publicist
760 1136 812 1171 im
832 1136 987 1172 Dienste

239 1184 358 1220 Othos
391 1185 491 1219 blieb
519 1196 558 1220 er
583 1185 723 1230 infolge
751 1184 872 1219 seiner
897 1184 987 1219 Ver-

238 1232 493 1268 wandtsehaft
533 1233 623 1268 oder
662 1232 988 1277 Gentilgenossen-

238 1281 361 1315 schaft
392 1280 462 1314 mit
496 1279 663 1324 Galeria,
700 1281 765 1315 der
792 1280 990 1315 Gemahlin

237 1328 302 1362 des
335 1328 530 1370 Vitellius,
573 1329 668 1363 nach
708 1327 825 1363 Othos
860 1327 988 1362 Sturze

236 1376 472 1420 unbehelligt
499 1375 559 1419 (II,
587 1380 644 1419 60,
674 1378 743 1420 15).

294 1424 299 1430 .
405 1424 410 1430 .
508 1423 518 1439 e
844 1435 854 1443 Ἴ
930 1422 936 1428 .

240 1434 506 1516 ..gfizssffls
522 1424 788 1513 ῗὲᾖῖῖῖῗῗῑῗ
802 1422 990 1515 εὲῗιὲᾚὲξ

239 1519 278 1553 in
313 1518 461 1554 Ciceros
497 1518 755 1554 rhetorischen
788 1516 988 1554 Schriften.

289 1566 461 1601 Othonem
481 1567 553 1612 uti]
581 1567 671 1602 Hier
697 1566 797 1601 steht
818 1566 883 1600 der
902 1565 987 1600 Ace.

237 1625 266 1648 c.
301 1613 368 1649 qu.
405 1613 466 1648 bei
499 1614 772 1658 personlichem
809 1612 988 1659 Subjekte

237 1661 334 1697 nach
353 1662 577 1704 credebatur,
597 1661 668 1696 wie
688 1661 730 1696 A.
752 1660 813 1704 IV,
831 1664 874 1695 55
898 1660 987 1695 Per-

239 1720 408 1755 yamenos
429 1738 435 1744 .
459 1737 466 1744 .
490 1736 496 1742 .
521 1710 612 1744 satis
638 1709 786 1753 adeptos
812 1709 989 1744 erec-litum

239 1757 536 1803 (estbw'zihrend
557 1757 595 1792 in
616 1757 756 1791 diesem
777 1756 880 1790 Falle
901 1755 987 1790 Tac.

237 1806 360 1849 sonst,
396 1804 638 1839 abweichend
665 1815 739 1839 von
765 1804 830 1838 der
855 1803 987 1838 11131εεὶ-

237 1853 351 1887 seben
377 1852 512 1896 Prosa,
539 1852 612 1886 den
638 1851 745 1887 Nom.
774 1863 803 1886 e.
831 1850 898 1886 Inf.
926 1861 986 1896 ge-

238 1901 408 1935 braucht.
460 1899 527 1935 Bei
553 1899 782 1935 sachlichem
809 1898 988 1943 Subjekte

237 1948 354 1982 findet,
392 1947 471 1982 sich
509 1948 574 1982 der
605 1947 691 1983 Acc.
727 1958 755 1982 c.
790 1946 857 1980 Inf.
891 1946 988 1980 nach

237 1995 515 2030 Passivformen
541 2007 614 2030 von
641 1995 782 2030 credere
808 1993 848 2029 A.
877 1993 903 2037 Ι,
931 1997 987 2029 28.

236 2042 282 2088 11,
311 2047 366 2078 69.
393 2042 491 2087 XIV,
518 2046 575 2078 48.
616 2043 651 2078 S.
678 2055 721 2077 zu
749 2053 780 2076 c.
807 2045 863 2085 50,
891 2045 922 2075 4.

288 2094 340 2125 11.
376 2101 490 2137 yenus
521 2092 642 2134 ipsum
675 2089 825 2136 orandi]
857 2089 990 2123 ‘selbst

238 2139 310 2174 den
338 2138 411 2173 Stil
438 2138 502 2173 der
528 2138 659 2173 Rede’.

284 2186 486 2232 noscerent]
501 2186 706 2221 ‘erkennen
717 2184 901 2228 wollten'3
914 2183 988 2229 vgl.

238 2235 279 2269 A.
303 2233 330 2278 1,
353 2237 395 2269 62
423 2234 525 2269 nullo
551 2237 725 2268 noscente.

288 2285 343 2317 12.
363 2281 439 2325 fori
458 2292 546 2316 usus
569 2280 831 2327 ‘gerichtliche
846 2278 988 2323 Praxis,

237 2329 435 2364 Auftreten
462 2339 530 2364 vor
556 2328 739 2364 Gericht'.

286 2377 335 2412 ad
360 2377 563 2422 implendas
592 2377 724 2422 populi
751 2374 873 2420 aures]
911 2375 989 2408 ‘um

239 2424 311 2458 den
337 2424 571 2460 Geschmack
598 2424 662 2459 des
689 2423 830 2458 Volkes
857 2435 900 2457 zu
926 2423 988 2457 be-

237 2471 436 2516 friedigen’
472 2472 523 2507 ist
556 2471 623 2506 auf
651 2473 766 2506 latum
796 2474 828 2506 et
853 2481 990 2505 sonans

239 2530 283 2553 zu
307 2519 497 2554 beziehen.
538 2519 621 2564 Vgl.
650 2518 722 2554 Cic.
750 2518 854 2552 Brut.
880 2521 898 2560 ξ
922 2520 989 2551 120

238 2570 280 2601 ut
317 2566 522 2601 Stoicorum
560 2567 746 2602 astrictior
783 2570 833 2601 est
871 2566 990 2600 oratio

239 2615 500 2659 aliquantoque
523 2615 763 2656 contractior,
789 2625 898 2659 quam
925 2624 990 2647 au-

238 2673 294 2697 res
329 2662 464 2707 populi
502 2662 714 2706 requirunt,
754 2662 807 2697 sic
844 2662 990 2696 illorum

240 2710 388 2745 liberior
408 2712 440 2744 et
460 2710 582 2752 latior,
611 2720 719 2753 quam
735 2710 885 2753 patitur
908 2718 990 2744 con-

238 2758 392 2792 suetudo
417 2757 641 2792 iudiciorum
668 2760 699 2790 et
725 2757 808 2799 fori.

288 2805 403 2839 latum
447 2808 479 2839 et
521 2803 675 2849 sonans]
727 2804 787 2838 ‘in
832 2803 991 2837 breitem

241 2851 369 2887 Flusse
409 2852 483 2886 und
520 2851 589 2887 mit
622 2850 759 2886 vollem
793 2851 893 2885 Tone
928 2850 989 2884 da-

240 2899 545 2934 hinrauschend’.
574 2899 698 2939 Qnint.
721 2896 848 2941 X1L5,
866 2902 885 2933 5
908 2899 992 2942 sagt

1059 719 1133 743 von
1176 708 1271 743 ihm:
1317 720 1358 743 ea
1403 709 1564 753 corporis
1601 709 1809 744 sublimitas

1060 760 1155 798 erat,
1199 756 1231 790 is
1275 757 1387 791 ardor
1429 757 1632 799 oculorum,
1676 757 1812 800 frontis

1060 804 1282 846 auctoritas,
1313 808 1433 850 ,aestus
1455 805 1709 848 praestantia,
1741 815 1811 840 vox

1060 851 1203 896 quidem
1240 862 1333 895 non,
1375 855 1416 886 ut
1456 850 1579 887 Cicero
1618 852 1812 894 desiderat,

1057 910 1175 943 paene
1194 900 1459 944 trayoedorum,
1479 900 1540 934 sed
1557 911 1666 944 super
1680 910 1812 943 omnes,

1061 957 1149 991 quos
1169 957 1230 992 eqo
1250 948 1394 992 quidem
1409 947 1603 990 audierim,
1622 948 1811 992 traqoedos

1061 995 1137 1029 und
1164 994 1309 1039 spricht
1334 994 1414 1037 XII,
1443 998 1499 1037 10,
1522 998 1563 1029 11
1592 1006 1664 1030 von
1691 994 1811 1030 einem

1062 1052 1174 1077 sonus
1194 1042 1378 1077 Trachali.
1407 1042 1482 1076 Der
1501 1041 1695 1077 Ausdruck
1717 1043 1813 1078 latus

1062 1090 1154 1133 geht
1187 1090 1254 1124 auf
1283 1090 1341 1124 die
1377 1090 1483 1134 copia
1515 1090 1705 1125 verborum
1738 1090 1814 1124 und

1062 1137 1182 1172 bildet
1218 1137 1289 1171 den
1322 1136 1532 1182 Gegensatz
1566 1149 1609 1172 zu
1641 1139 1814 1173 astrictus

1064 1184 1257 1229 (‘knapp’')
1308 1185 1397 1220 oder
1447 1195 1670 1230 compressus
1721 1186 1816 1231 Uge-

1063 1231 1249 1277 drenge),
1282 1233 1356 1277 vgl.
1392 1232 1467 1268 Cic.
1495 1244 1526 1268 a.
1555 1244 1588 1268 a.
1616 1233 1658 1268 O.
1688 1232 1813 1275 Quint.

1062 1279 1107 1320 X,
1137 1283 1166 1322 1,
1196 1283 1263 1315 106
1303 1281 1364 1315 ille
1395 1281 1581 1316 concludit
1613 1282 1814 1324 astrictius,

1062 1327 1121 1362 hic
1147 1328 1280 1370 latius‚·
1306 1327 1401 1362 Plin.
1423 1339 1479 1373 ep.
1499 1331 1556 1372 20,
1574 1332 1616 1363 19
1643 1339 1718 1363 non
1738 1340 1814 1363 am-

1058 1378 1195 1419 putata
1222 1379 1254 1410 et
1278 1376 1439 1411 abscissa
1473 1377 1611 1418 oratio,
1643 1377 1705 1412 sed
1736 1377 1813 1411 lata

1064 1426 1096 1457 et
1121 1423 1318 1467 maynifica
1338 1427 1371 1458 et
1390 1424 1550 1466 excelsa,·
1577 1423 1651 1459 Cic.
1676 1424 1724 1459 He
1752 1424 1811 1459 fin.

1063 1470 1129 1512 ng
1150 1474 1191 1505 17
1218 1472 1314 1516 quod
1340 1472 1453 1506 latius
1479 1472 1711 1516 loquerentur
1736 1472 1814 1506 rhe-

1064 1521 1175 1561 tores,
1209 1519 1394 1553 dialectici
1418 1522 1538 1553 autem
1564 1520 1812 1564 compressius.

1114 1581 1167 1613 13.
1194 1578 1331 1612 nimiae
1350 1581 1382 1612 et
1400 1577 1533 1623 falsae]
1554 1577 1810 1613 ‘tibertrieben

1063 1625 1138 1659 und.
1164 1625 1448 1669 unaufrichtig’.
1501 1625 1574 1660 Der
1606 1624 1812 1660 klassische

1064 1672 1396 1718 Sprachgebrauch
1417 1673 1523 1707 hatte
1537 1673 1655 1708 nimia
1669 1676 1702 1708 et
1715 1673 1813 1716 falsa

1064 1721 1118 1754 als
1145 1720 1327 1755 Pradikat
1351 1730 1599 1766 vorgezogen.

1110 1774 1362 1818 imperatorem
1382 1773 1608 1819 Auyustum]
1634 1773 1813 1808 Bemerke

1063 1820 1123 1855 die
1131 1821 1416 1866 Wortstellung.
1430 1820 1680 1856 Bekanntlich
1688 1819 1813 1855 ffihrte

1062 1867 1198 1903 Caesar
1223 1867 1416 1913 Augustus
1451 1869 1560 1903 unter
1585 1867 1815 1912 Abwerfung

1062 1915 1126 1950 des
1167 1927 1240 1951 von
1277 1916 1418 1951 seinem
1453 1915 1727 1959 Adoptivvater
1759 1926 1816 1950 er-

1063 1964 1190 1998 erbten
1217 1962 1449 1999 Vornamens
1470 1963 1590 1998 Gaius
1615 1963 1681 1997 das
1703 1974 1815 2008 prae-

1062 2022 1190 2045 nomen
1216 2012 1468 2055 imperatoris,
1494 2009 1565 2045 wie
1593 2022 1631 2045 es
1658 2010 1814 2053 scheint,

1065 2058 1137 2093 seit
1175 2062 1220 2093 40
1255 2071 1288 2096 v.
1323 2058 1407 2093 Chr.
1459 2059 1684 2102 Mommsen,
1723 2062 1814 2093 rom.

1066 2105 1220 2141 Staatsr.
1248 2107 1293 2148 Π,
1321 2110 1340 2141 2
1369 2106 1404 2141 S.
1434 2110 1501 2141 726
1522 2106 1599 2151 fgg.

1115 2163 1168 2195 15.
1213 2161 1346 2195 studiis
1383 2159 1559 2206 votisque]
1602 2159 1655 2193 ‘in
1687 2158 1814 2194 Bezei-

1064 2218 1215 2253 gungen
1266 2208 1331 2242 der
1381 2208 1602 2242 Teilnahme
1652 2206 1728 2241 und
1776 2206 1815 2240 in

1065 2255 1438 2300 Segenswfinschen’.

1110 2309 1271 2355 nec-sed]
1292 2308 1353 2344 bei
1369 2308 1525 2353 Angabe
1546 2319 1619 2343 von
1632 2307 1813 2350 Motiven,

1062 2356 1133 2391 wie
1160 2356 1221 2400 IV,
1249 2360 1294 2391 42
1328 2367 1392 2391 nec
1418 2356 1620 2400 depellendi
1642 2355 1813 2400 periculi,

1062 2405 1124 2439 sed
1144 2405 1231 2446 ete,
1254 2406 1294 2439 A.
1317 2403 1343 2447 I,
1359 2407 1404 2438 58
1424 2414 1536 2448 neque
1555 2404 1638 2439 odio
1652 2403 1814 2448 patriae,

1063 2453 1186 2487 verum
1211 2453 1300 2496 quia
1327 2453 1395 2486 etc.
1687 2486 1689 2489 ,

1114 2509 1167 2541 16.
1196 2505 1364 2551 libidine]
1393 2516 1420 2540 s.
1448 2517 1493 2539 zu
1519 2515 1548 2540 c.
1578 2508 1609 2549 1,
1638 2508 1668 2540 7.

1111 2562 1151 2593 ut
1172 2559 1213 2593 in
1231 2558 1405 2604 familiis]
1436 2557 1521 2593 ‘wie
1542 2569 1580 2593 es
1607 2558 1707 2593 beim
1734 2558 1812 2602 (ge-

1064 2605 1360 2651 sinnungslosen)
1417 2605 1675 2651 Hausgesinde
1734 2606 1814 2640 her·

1064 2653 1191 2699 gehfi',
1219 2666 1245 2688 s.
1274 2665 1317 2688 zu
1344 2665 1373 2688 c.
1401 2658 1433 2696 4,
1464 2657 1518 2688 10.

1107 2709 1262 2752 privata
1305 2707 1434 2752 cuique
1477 2705 1696 2752 stimulatio]
1739 2704 1815 2740 ‘bei

1060 2755 1188 2800 jedem
1236 2765 1361 2789 waren
1404 2753 1641 2799 personliche
1686 2752 1814 2788 Trieb-

1065 2802 1194 2837 federn
1226 2801 1433 2837 wirksam’.
1484 2801 1568 2846 Vgl.
1596 2811 1626 2835 c.
1657 2804 1697 2836 19
1728 2800 1814 2844 plu—

1065 2851 1152 2885 rimi
1184 2850 1285 2885 obi-io
1320 2849 1504 2894 obsequio,
1534 2849 1704 2894 privatas
1735 2858 1814 2892 spes

1066 2898 1247 2943 ayitantes
1272 2897 1350 2933 sine
1369 2897 1525 2941 publica
1551 2907 1651 2932 cura.
