1875 3214
150 404 194 436 10

149 701 191 733 15

147 999 191 1031 20

225 105 310 146 1224
747 103 910 138 TAcm
935 102 1275 138 HisToRIARcM

222 217 344 255 rendo
384 217 534 268 potius,
573 214 879 267 commilitones,
918 227 1035 266 quam
1073 216 1239 266 imperia
1277 214 1423 253 ducum
1456 215 1694 254 sciscitando
1725 227 1791 254 res

221 276 413 315 militares
452 276 725 326 continentur,
764 280 802 313 et
842 275 1083 313 fortissimus
1123 275 1161 313 in
1203 275 1289 324 ipso
1330 274 1558 313 discrimine
1591 276 1791 314 exercitus

222 341 299 387 est,
339 336 407 386 qui
445 340 534 374 ante
574 334 789 373 discrimen
832 335 1114 385 quietissimus.
1167 332 1278 371 vohis
1317 345 1426 372 arma
1465 339 1504 373 et
1535 334 1690 372 animus
1723 335 1792 373 sit:

221 394 318 433 mihi
362 394 572 433 consilium
617 399 656 433 et
694 394 853 432 virtutis
891 399 1044 432 vestrae
1083 394 1261 444 regimen
1300 393 1524 444 relinquite.
1575 405 1793 444 paucorum

221 454 335 505 culpa
375 454 469 506 snit,
507 454 678 493 duorum
717 465 845 504 poena
877 454 970 492 erit:
1010 454 1134 492 ceteri
1166 451 1319 490 abolete
1351 453 1582 491 memoriam
1614 452 1793 492 foedissi-

219 526 305 552 mae
345 515 483 552 noctis.
535 526 608 552 nec
640 512 725 552 illas
759 513 948 551 adversus
982 518 1164 551 senatum
1197 523 1313 550 voces
1346 511 1450 551 ullus
1484 523 1650 563 usquam
1683 524 1793 551 exer-

221 574 324 612 citus
351 573 496 612 audiat.
548 578 667 624 caput
692 573 850 623 imperii
878 577 916 610 et
942 571 1085 610 decora
1113 572 1288 610 omnium
1315 573 1608 622 provinciarum
1635 571 1681 610 ad
1702 584 1793 623 poe-

220 645 310 671 nam
349 645 490 672 vocare
529 645 609 671 non
641 631 803 671 hercule
843 630 917 682 illi,
957 643 1057 682 quos
1096 643 1187 670 cum
1226 632 1394 669 maxime
1426 629 1608 670 Vitellius
1646 632 1686 670 in
1719 644 1792 670 nos

220 693 315 744 ciet,
355 692 541 731 Germani
580 691 766 731 audeant:
805 689 926 729 ulline
965 690 1098 730 Italiae
1138 690 1287 729 alumni
1325 696 1364 729 et
1395 690 1569 730 Romana
1608 702 1699 729 vere
1737 692 1795 730 iu-

219 757 361 790 ventus
389 752 435 790 ad
464 753 696 802 sanguinem
724 756 763 789 et
789 749 949 789 caedem
976 750 1284 801 depoposcerint
1310 749 1502 802 ordinem,
1530 751 1644 789 cuius
1666 750 1796 801 splen-

219 811 315 850 dore
355 816 394 850 et
427 811 550 862 gloria
582 810 724 853 sordes
756 815 795 848 et
827 809 1112 849 obscuritatem
1146 809 1443 848 Vitellianarum
1474 810 1648 861 partium
1680 822 1792 861 prae-

220 869 482 920 stringimus?
527 872 707 909 nationes
735 869 885 921 aliquas
913 869 1334 921 occupavitVitellius,
1361 870 1572 920 imaginem
1600 869 1796 920 quandam

219 931 421 969 exercitus
460 929 597 982 habet,
636 935 797 968 senatus
837 928 1046 968 nobiscum
1086 934 1158 968 est.
1209 930 1265 967 sic
1305 929 1366 980 fit,
1406 934 1450 968 ut
1489 928 1582 967 hinc
1621 941 1686 967 res
1722 941 1793 980 pu-

218 989 330 1041 blica,
358 989 449 1028 inde
476 989 611 1028 hostes
637 990 697 1027 rei
722 988 904 1040 publicae
932 989 1195 1028 constiterint.
1242 986 1368 1039 quid?
1393 1000 1461 1027 vos
1487 987 1795 1039 pulcherrimam

219 1049 320 1088 hanc
354 1049 494 1088 urbem
527 1048 710 1088 domibus
744 1054 783 1087 et
816 1049 933 1087 tectis
966 1053 1006 1087 et
1038 1054 1229 1099 congestu
1262 1047 1438 1099 lapidum
1471 1053 1575 1086 stare
1603 1045 1795 1087 creditis?

219 1187 424 1223 Gedanken
457 1200 500 1222 zu
528 1187 772 1231 entnehmen,
810 1186 879 1221 wie
906 1186 969 1231 IV,

218 1239 277 1278 52,
297 1239 329 1271 3.
357 1234 399 1269 A.
421 1236 446 1278 I,
469 1240 524 1270 77.
551 1235 614 1277 HI,
636 1239 692 1269 51.
715 1239 769 1270 69.
796 1234 893 1278 XIII,
917 1238 970 1270 14.

219 1284 397 1328 Draeger,
426 1264 526 1327 Synt.
556 1287 574 1324 ἓ
606 1286 683 1317 142.

265 1331 427 1376 confusi]
452 1330 766 1365 durcheinander
785 1327 970 1375 geraten.

265 1389 369 1414 ruere
398 1378 713 1413 fflineimennen’.

260 1427 429 1471 parendo
453 1426 592 1471 potius]
615 1425 698 1469 Vgl.
722 1424 782 1459 die
807 1425 970 1468 Anspra-

218 1474 286 1509 che
307 1474 372 1509 des
393 1473 433 1509 L.
448 1473 630 1508 Aemilius
650 1472 788 1508 Paulus
808 1472 870 1507 bei
890 1471 970 1507 Liv.

216 1521 348 1565 XLIV,
369 1525 424 1556 34.

267 1573 298 1604 7.
331 1580 387 1604 res
419 1570 597 1604 militares
623 1568 872 1614 continentur]
904 1568 970 1603 ‘ist

217 1617 282 1652 das
296 1617 519 1651 Heerwesen
539 1616 727 1661 bedingt⁷3
748 1616 824 1661 vgl.
841 1615 914 1650 Cic.
934 1628 969 1660 p.

218 1665 312 1700 Sest.
333 1668 352 1706 ξ
374 1668 417 1698 92
445 1665 600 1706 iudicia,
627 1665 759 1708 quibus
785 1675 887 1698 omne
912 1664 972 1698 ius

216 1713 433 1747 continetur.
486 1711 744 1756 N'agelsbach,
784 1711 850 1746 lat.
887 1710 970 1745 Stil.

264 1811 297 1842 8.
332 1807 374 1842 in
408 1808 488 1852 ipso
523 1806 750 1852 discrimine]
782 1805 855 1840 ‘im
893 1805 970 1841 Mo-

217 1856 342 1890 mente
370 1855 435 1890 der
460 1854 771 1898 Entscheidung’.

269 1907 301 1938 9.
328 1903 391 1948 sit]
420 1914 446 1937 s.
475 1915 503 1938 z.
531 1914 560 1938 c.
590 1906 645 1945 76,
673 1906 706 1936 9.

267 1954 321 1985 12.
353 1961 418 1985 nec
449 1951 551 1985 steht
582 1950 634 1984 im
662 1949 774 1984 Sinne
800 1960 873 1983 von
906 1959 970 1984 nec

216 2009 297 2033 vero
333 2000 427 2032 statt
464 2009 550 2032 neve
590 1998 688 2042 (neu)
727 1996 828 2032 beim
864 1996 967 2031 Coni.

217 2047 354 2090 optat„
388 2045 458 2080 wie
492 2045 542 2089 ΙΙ,
570 2049 628 2087 47,
656 2049 688 2080 5.
723 2049 783 2088 76,
813 2048 867 2080 10.
920 2043 967 2078 So

218 2093 333 2128 sehon
354 2093 413 2127 bei
434 2092 562 2128 Cicero
584 2093 643 2128 ein
663 2092 834 2138 paarmal
855 2090 968 2126 sowie

216 2140 278 2175 bei
304 2139 441 2175 Livius.
475 2140 693 2185 Nipperdey
719 2152 763 2174 zu
789 2139 831 2176 A.
859 2139 885 2184 Ι,
911 2143 967 2174 43.

217 2187 394 2233 Draeger,
423 2188 524 2232 Synt.
547 2192 644 2230 528,
666 2199 696 2223 c.

266 2240 321 2270 13.
344 2240 454 2280 caput
474 2236 635 2281 imperii]
660 2236 734 2269 ‘die
758 2235 883 2280 Spitze
904 2234 969 2268 der

217 2283 446 2328 Regierung’
475 2284 510 2318 d.
537 2284 560 2318 i.
588 2283 654 2318 der
681 2283 797 2317 Senat
822 2282 876 2316 als
908 2280 969 2316 die

217 2331 374 2366 hochste
401 2330 603 2366 beratende
630 2330 810 2365 Behorde.

266 2379 396 2413 decora
416 2380 578 2413 omnium
594 2390 642 2423 pr
645 2377 923 2423 ovinciar'um]
913 2389 967 2411 m-

218 2426 342 2461 sofern
375 2426 520 2461 damals
554 2425 802 2468 Provinziale,
837 2425 897 2459 die
929 2424 969 2459 in

216 2473 317 2507 ihrer
342 2472 496 2508 Heimat
522 2474 582 2508 ein
608 2474 765 2508 hoheres
790 2473 881 2506 Ami:
905 2472 968 2507 be-

216 2520 361 2555 kleideb
393 2520 540 2564 hatten,
573 2520 788 2565 Mitglieder
812 2521 877 2554 des
905 2519 968 2554 Se-

216 2570 323 2603 nates
351 2568 499 2603 werden
526 2569 718 2603 konnten..

266 2619 321 2650 14.
348 2626 429 2650 cum
454 2616 626 2661 maxime]
655 2628 680 2651 s.
709 2628 754 2650 zu
778 2626 807 2650 c.
833 2618 888 2657 29,
912 2618 966 2649 13.

268 2667 321 2698 15.
359 2664 450 2698 ciere
487 2663 546 2697 ‘in
581 2663 796 2708 Bewegung
833 2667 969 2707 setzen,

217 2710 444 2745 aufbieten’.
486 2709 519 2746 S.
548 2723 591 2745 zu
618 2710 680 2753 ΙΙΙ,
708 2715 764 2753 41,
795 2714 846 2744 17.

269 2757 463 2803 Germani]
485 2758 518 2795 d.
535 2758 557 2794 i.
581 2759 751 2793 cohortes
772 2757 970 2793 auxiliares

218 2805 488 2841 Germanorum
515 2806 829 2840 cisrhenanorum.

265 2853 443 2899 audeant]
471 2866 496 2888 8.
524 2865 567 2887 zu
595 2864 624 2888 c.
654 2857 711 2895 79,
739 2856 793 2887 11.

266 2902 293 2934 Ι
295 2902 406 2936 taliae
424 2901 566 2936 alumni
583 2905 615 2936 et
631 2900 804 2936 Romana
820 2910 897 2935 vere
911 2900 967 2935 iu-

1043 1187 1185 1232 ventus]
1208 1187 1275 1221 Die
1290 1186 1551 1231 pratorischen
1569 1185 1646 1220 und
1664 1185 1794 1221 81ἣάᾐί-

1045 1235 1159 1269 schen
1197 1234 1389 1269 Kohor‘cen
1432 1234 1585 1268 wurden
1629 1233 1686 1268 bis
1731 1232 1798 1268 auf

1045 1281 1248 1327 Septimius
1282 1281 1439 1317 Severus
1471 1281 1511 1316 in
1541 1281 1677 1316 Italien
1710 1292 1795 1315 aus-

1044 1329 1226 1374 gehoben.
1273 1329 1504 1373 Marquardt‚
1530 1332 1623 1364 rom.
1651 1328 1792 1363 Staats-

1045 1388 1156 1412 verw.
1183 1376 1218 1410 ΙΙ
1245 1376 1278 1411 S.
1307 1380 1386 1412 522.
1431 1376 1514 1422 Vgl.
1535 1376 1581 1420 ΙΙ,
1602 1379 1737 1420 47,-11.

1096 1428 1150 1460 16.
1177 1425 1227 1460 ad
1246 1425 1462 1470 sanquinem
1487 1427 1520 1459 et
1545 1424 1702 1470 caedem]
1725 1424 1794 1458 wie

1044 1472 1107 1516 ΙΙΙ,
1135 1475 1179 1507 65
1205 1473 1384 1518 sanquine
1410 1476 1441 1507 et
1467 1472 1659 1516 caedibus,·
1691 1482 1720 1506 c.
1749 1475 1793 1506 83

1045 1521 1095 1555 ad
1113 1521 1330 1564 sanquinem
1346 1523 1378 1555 et
1399 1520 1522 1555 caedes
1530 1533 1542 1562 ,·
1567 1518 1646 1555 Liv.
1662 1518 1794 1563 XXIV,

1044 1570 1101 1611 25,
1129 1572 1149 1602 9
1177 1569 1225 1602 ad
1256 1569 1473 1613 sanquinem
1504 1571 1536 1602 et
1566 1567 1700 1602 caedes.
1746 1566 1794 1601 So

1044 1615 1094 1650 ist
1120 1615 1221 1650 wohl
1247 1616 1343 1650 auch
1369 1615 1450 1649 hier
1469 1615 1592 1650 caedes
1617 1626 1662 1649 zu
1682 1615 1794 1649 lesen.

1093 1662 1382 1709 depoposcerint]
1397 1661 1472 1697 Der
1486 1661 1594 1707 Konj.
1610 1662 1675 1697 des
1697 1661 1795 1698 Pei-f.

1044 1710 1146 1745 steht
1190 1710 1272 1745 hier
1315 1711 1370 1745 als
1411 1709 1512 1745 Coni.
1550 1709 1795 1745 dubitativae.

1044 1758 1222 1801 Heraeus,
1232 1758 1297 1792 lat.
1308 1757 1479 1802 Schulgr.
1488 1761 1595 1801 §176,
1606 1760 1638 1792 4.
1667 1756 1795 1802 Gegen

1045 1805 1105 1840 die
1121 1806 1253 1840 Lesart
1267 1805 1332 1840 des
1347 1805 1534 1839 Mediceus
1550 1805 1795 1850 depoposcerat

1045 1853 1187 1897 spricht
1208 1852 1352 1888 sowohl
1372 1852 1436 1887 der
1455 1851 1554 1887 Plur.
1576 1853 1719 1887 alumni
1739 1852 1794 1887 als

1043 1901 1110 1935 das
1137 1901 1283 1935 Nomen
1310 1899 1549 1936 collectivum
1573 1900 1753 1936 iuventus.

1090 1949 1269 1994 ordinem]
1298 1946 1537 1982 senatorium.

1093 2000 1146 2030 17.
1174 1996 1378 2031 obscuritas
1401 1998 1458 2030 est
1477 2006 1617 2038 eorum,
1644 1994 1709 2039 qui
1729 1995 1794 2030 ob—

1044 2054 1148 2078 scuro
1182 2043 1265 2078 loco
1297 2043 1375 2077 nati
1402 2045 1504 2086 sunt3
1543 2042 1618 2087 vgl.
1647 2042 1720 2079 Cic.
1748 2042 1794 2077 de

1044 2091 1102 2126 off.
1112 2092 1144 2125 ΙΙ
1153 2094 1172 2133 ξ
1181 2095 1225 2125 45
1234 2102 1386 2136 quorum
1395 2091 1521 2135 prima
1534 2094 1635 2125 aetas
1642 2094 1794 2135 propter

1042 2139 1282 2174 humilitatem
1316 2142 1349 2173 et
1380 2139 1634 2174 obscuritatem
1664 2138 1706 2173 in
1734 2138 1794 2173 ho·

1042 2187 1183 2222 minum
1208 2186 1439 2231 ignoratione
1463 2189 1639 2222 versatur.

1087 2235 1357 2279 praestrinyere
1380 2233 1667 2277 ‘siberstrahlem
1691 2233 1792 2268 blen-

1044 2281 1136 2317 den’
1172 2281 1223 2317 ist
1254 2280 1534 2316 sinnverwandt
1567 2281 1637 2315 mit
1670 2281 1794 2316 obum-

1044 2330 1159 2365 b7a.re
1187 2329 1270 2383 Vgl.
1299 2328 1372 2363 Cic.
1399 2328 1444 2363 de
1470 2328 1530 2362 fin.
1557 2327 1608 2362 IV
1633 2331 1652 2370 ξ
1679 2332 1735 2363 37.

1093 2380 1147 2411 18.
1187 2377 1382 2423 imayinem
1419 2376 1622 2421 quandam]
1658 2376 1792 2411 herab-

1042 2424 1214 2460 setzend‘
1220 2423 1565 2459 einSchattenbild’
1572 2422 1728 2468 ,imGeg
1731 2435 1791 2458 en-

1042 2474 1120 2507 satz
1151 2484 1194 2506 zu
1230 2472 1332 2507 einer
1358 2470 1616 2506 ordentlichen
1642 2470 1788 2506 Armee.

1092 2524 1146 2554 19.
1174 2520 1260 2554 hinc
1282 2539 1324 2544 —-
1349 2518 1448 2564 inde]
1478 2518 1548 2553 wie
1574 2529 1604 2554 c.
1627 2522 1682 2563 68,
1703 2521 1790 2553 5—-
1746 2535 1790 2547 =

1041 2568 1086 2602 ab
1100 2568 1168 2602 hac
1182 2588 1226 2592 —
1241 2568 1286 2602 ab
1301 2567 1368 2601 illa
1385 2569 1511 2610 partia·
1534 2565 1608 2610 vgl.
1627 2565 1777 2609 II,15‚8

1042 2619 1097 2657 21,
1110 2619 1162 2651 16.
1179 2614 1242 2658 111,
1256 2618 1313 2657 47,
1326 2617 1379 2648 18.
1400 2613 1593 2657 IV,19,16.
1608 2612 1652 2656 V,
1668 2616 1788 2657 24,1ο.

1093 2666 1148 2697 20.
1175 2662 1280 2708 quid]
1308 2660 1537 2696 rhetorische
1565 2660 1790 2706 Steigerung

1043 2709 1081 2744 in
1107 2710 1342 2754 Frageform3
1371 2708 1444 2753 vgl.
1465 2721 1509 2743 zu
1528 2707 1591 2749 IV,
1615 2712 1669 2752 17,
1693 2712 1747 2743 11.

1092 2761 1146 2792 21.
1181 2757 1346 2793 domibus
1377 2759 1410 2791 et
1442 2756 1559 2801 tectis]
1583 2736 1689 2790 'Dazu
1715 2755 1788 2800 vgl.

1043 2804 1102 2839 die
1137 2805 1266 2840 Worte
1306 2804 1369 2839 des
1405 2802 1584 2837 Camillus
1616 2802 1677 2838 bei
1709 2802 1789 2837 Liv.

1042 2851 1085 2895 V,
1113 2856 1170 2895 54,
1197 2856 1217 2886 2
1246 2853 1285 2887 in
1309 2851 1498 2895 superficie
1523 2851 1704 2895 tiqnisque
1729 2861 1787 2886 ea-

1000 2942 1003 2945 ,
1041 2901 1134 2935 ritas
1159 2900 1263 2935 nobis
1282 2898 1432 2944 patriae
1450 2897 1611 2943 pendet?
