1875 3214
578 118 723 152 LIBER
748 118 793 152 H.
839 117 940 154 CAP.
969 122 1120 154 60—63.

42 261 78 269 m
183 231 264 270 Nec
301 230 406 270 ultra
443 231 484 268 in
524 229 746 268 defectores
784 234 852 267 aut
889 228 991 267 bona
1030 231 1265 281 cuiusquam
1305 230 1516 268 saevitum:
1555 234 1639 267 rata
1655 227 1710 268 62

1552 117 1638 159 203

65 293 176 333 fuere
209 302 359 342 eorum,
393 291 462 340 qui
493 291 576 328 acie
603 288 825 327 Othoniana
858 288 1095 340 ceciderant,
1126 294 1363 328 testamenta
1396 294 1463 327 aut
1491 287 1553 326 lex
1580 289 1637 326 in-

65 351 237 393 testatis:
281 361 469 401 prorsus,
512 350 545 387 si
583 347 763 387 luxuriae
802 352 1061 399 temperaret,
1106 349 1308 387 avaritiam
1346 360 1426 386 non
1465 348 1639 386 timeres.

63 409 270 462 epularum
309 408 424 447 foeda
464 413 502 446 et
534 406 786 458 inexplebilis
818 405 958 445 libido:
999 418 1047 444 ex
1079 406 1178 445 urbe
1212 413 1329 458 atque
1363 406 1471 445 Italia
1504 408 1639 445 inrita-

64 474 196 509 menta
233 467 347 519 gulae
386 467 644 518 gestabantur
682 465 954 517 strepentibus
991 465 1038 503 ab
1072 471 1243 517 utroque
1277 468 1376 504 mari
1408 465 1640 517 itineribus,
1666 473 1686 505 5

63 528 246 568 exhausti
283 528 555 566 conviviorum
594 525 850 577 apparatibus
888 525 1092 576 principes
1124 526 1345 577 civitatum,
1385 524 1639 563 vastabantur

64 589 172 640 ipsae
210 587 406 638 civitates3
445 585 713 636 degenerabat
751 597 771 623 a
809 584 944 623 labore
977 596 1021 623 ac
1053 585 1201 623 virtute
1234 584 1346 623 miles
1379 583 1639 622 adsuetudine

63 646 309 698 voluptatum
341 651 381 684 et
413 650 645 696 contemptu
678 645 802 684 ducis,
852 644 1058 695 praemisit
1088 645 1128 682 in
1162 642 1304 682 urbem
1336 643 1529 693 edictum,
1563 654 1639 693 quo

64 705 299 745 vocabulum
332 704 500 756 Augusti
532 704 727 755 differret,
760 703 938 743 Caesaris
971 715 1051 742 non
1083 704 1294 754 reciperet,
1328 714 1416 741 cum
1451 702 1498 740 de
1531 707 1639 752 pote·

61 770 164 805 state
189 763 290 803 nihil
321 764 558 803 detraheret.
617 763 722 815 pulsi
753 762 864 802 Italia
895 762 1181 814 mathematici,
1215 767 1374 800 cautum
1409 773 1558 809 severe,
1591 773 1639 799 ne
1670 769 1713 801 10

64 825 220 876 equites
251 823 419 862 Romani
454 823 546 862 ludo
580 829 618 861 et
650 822 800 861 harena
831 821 1117 873 polluerentur.
1176 822 1331 872 priores
1364 820 1402 859 id
1437 821 1640 871 principes

63 885 233 936 pecunia
270 888 310 921 et
342 884 499 934 saepius
532 883 570 920 vi
601 881 878 933 perpulerant,
918 893 962 919 ac
994 880 1184 932 pleraque
1216 881 1432 931 municipia
1466 885 1504 918 et
1537 879 1639 917 colo-

65 945 151 982 niae
195 941 496 982 aemulabantur
534 942 882 993 corruptissimum
922 952 1120 992 quemque
1159 940 1473 978 adulescentium
1512 939 1640 990 pretio

63 1001 240 1042 inlicere.

183 1061 261 1100 Sed
287 1060 467 1100 Vitellius
500 1059 672 1099 adventu
704 1059 839 1098 fratris
872 1064 911 1098 et
942 1058 1221 1109 inrepentibus
1254 1058 1534 1096 dominationis
1560 1069 1638 1095 ma·
1656 1055 1711 1096 63

62 1121 199 1172 gistris
243 1120 454 1172 superbior
499 1124 539 1158 et
582 1120 755 1158 atrocior
800 1118 927 1157 occidi
970 1117 1210 1157 Dolabellam
1254 1119 1389 1169 iussit,
1437 1129 1554 1168 quem
1599 1117 1640 1154 in

63 1179 258 1220 coloniam
300 1181 540 1231 Aquinatem
590 1180 810 1230 sepositum
854 1177 900 1216 ab
947 1177 1101 1216 Othone
1146 1176 1386 1216 rettulimus.
1442 1175 1642 1214 Dolabella

62 1305 89 1330 a
97 1295 228 1330 stolido
240 1294 350 1340 vulyo
359 1292 590 1329 inviolabilis
600 1293 814 1328 credebatur

63 1344 274 1378 erwartete.

110 1436 176 1471 62.
199 1441 229 1472 1.
242 1436 434 1479 defectores
447 1436 532 1471 sind
545 1436 585 1471 in
600 1435 672 1469 den
682 1434 816 1480 Augen

63 1483 129 1519 des
153 1483 331 1519 Vitellius
360 1483 478 1519 Othos
504 1484 717 1527 Anhanger.

110 1531 154 1567 in
179 1532 274 1567 bona
298 1531 490 1577 saevitum]
518 1530 589 1565 wie
611 1529 654 1565 A.
674 1529 736 1573 IV,
757 1533 813 1564 20.

113 1582 146 1614 2.
172 1579 372 1625 intestatis]
400 1579 468 1614 Bei
488 1578 554 1613 der
569 1577 815 1612 Intestaterb-

64 1625 167 1672 folge
192 1628 315 1662 trohen
341 1625 403 1662 die
421 1625 675 1672 gesetzlichen
693 1623 816 1660 Erben

65 1673 134 1709 das
160 1673 258 1709 Erbe
283 1685 341 1709 an.

113 1724 146 1757 3.
167 1721 340 1768 prorsus]
368 1732 396 1757 s,
423 1733 470 1755 zu
495 1732 526 1756 c.
555 1723 588 1763 5,
615 1723 648 1755 4.

113 1768 271 1814 timeres]
302 1781 330 1804 s.
357 1781 402 1803 zu
426 1768 454 1811 Ι,
483 1772 538 1812 10,
568 1771 600 1803 7.

113 1819 147 1851 4.
173 1816 298 1862 foeda]
328 1827 355 1851 s,
382 1828 429 1851 zu
452 1815 480 1859 Ι,
508 1820 540 1859 7,
569 1819 600 1850 6.

114 1866 147 1898 5.
160 1862 679 1909 strepentibus—itineribus]
694 1862 819 1896 ‘unter

66 1911 209 1946 lautem
228 1911 343 1946 Larm
361 1911 444 1956 (der
462 1910 680 1945 rasselnden
700 1909 817 1944 Fuhr-

67 1959 207 2002 werke)
226 1958 293 1993 auf
310 1958 383 1993 den
403 1957 597 1994 Strassen’.
623 1956 711 2002 Vgl.
726 1967 755 1991 c.
772 1960 818 1991 84

65 2007 220 2042 navium
259 2006 420 2041 militum
457 2016 643 2041 armorum
674 2007 819 2049 paratu

65 2057 224 2098 strepere
242 2053 468 2098 provinciae.

115 2101 162 2136 ab
195 2104 347 2146 utroque
377 2100 490 2146 man]
531 2101 570 2135 et
607 2109 740 2144 supero
779 2098 819 2133 et

68 2147 200 2184 infero.

118 2200 151 2232 6.
171 2195 421 2231 conviviorum
439 2193 702 2239 apparatibus]
720 2192 819 2228 Suet.

69 2242 147 2278 vit.
175 2246 219 2278 13
247 2253 313 2278 nec
338 2243 510 2288 cuiquam
534 2243 656 2277 minus
681 2241 822 2285 siuyuli

67 2294 275 2336 afflaratus
285 2290 550 2335 quadrinyenis
556 2289 637 2336 mili
640 2289 706 2324 bus
717 2299 821 2323 num·

69 2348 170 2373 nmm
194 2339 446 2373 constiterwnt.
472 2357 519 2363 —
551 2337 653 2371 Uber
677 2338 822 2370 vastare

71 2397 98 2420 s.
125 2396 171 2420 zu
194 2384 222 2428 I,
250 2389 309 2429 61,
335 2388 366 2419 3.

118 2436 151 2467 ¹¹1.
177 2432 417 2477 deyenerabat
436 2443 460 2466 a
476 2430 617 2476 labore]
641 2430 822 2465 ‘entartet

70 2480 194 2515 verlor
236 2491 277 2515 er
321 2479 382 2514 die
415 2477 673 2514 Arbeitskraft
712 2478 821 2522 (Aus-

72 2527 232 2572 dauer)’.

119 2578 152 2610 9.
195 2574 411 2610 vocabulum
445 2573 610 2618 Augusti
646 2573 822 2615 differret,

73 2621 244 2657 Cae-safris
275 2632 351 2657 non
381 2620 570 2666 reciperet]
604 2619 719 2654 Beide
745 2619 822 2654 Ho-

73 2668 259 2709 heitstitel
282 2679 408 2704 waren
427 2669 513 2703 dem
533 2667 709 2702 Vitellius
736 2677 823 2702 vom

72 2714 189 2757 Sonat
206 2715 429 2759 zuerkamit3
448 2714 523 2760 vgl.
537 2726 567 2750 c.
581 2718 625 2749 55
639 2715 680 2749 in
694 2717 824 2749 senatu

72 2767 208 2800 cwncta
229 2764 348 2809 lonyis
367 2764 527 2799 aliorum
546 2762 824 2808 priucipatibus

71 2811 270 2893 ’ἕῗέἑῗὲῗέἴ
293 2808 823 2903 ἕαῗῖἕοῇῗῗιὶζ-Ὺιὲἷὲἑῖζῑυῖὲιῖἶ

72 2906 274 2950 prohibuit.
308 2905 374 2940 Als
399 2916 438 2940 es
464 2905 534 2940 mit
554 2904 675 2940 seiner
694 2902 823 2938 Macht

888 1304 951 1326 zur
960 1291 1081 1336 Neige
1093 1291 1195 1336 ging,
1210 1291 1345 1325 dachte
1360 1301 1399 1325 er
1412 1289 1547 1325 anders
1562 1288 1640 1334 (ΙΙΙ,

888 1340 959 1383 58).
987 1339 1056 1373 Die
1078 1338 1336 1383 Konjunktive
1356 1337 1503 1372 erklare
1524 1337 1643 1371 durch

886 1397 957 1432 quo
988 1398 1025 1422 se
1050 1387 1198 1430 differre
1224 1406 1269 1411 -
1294 1385 1452 1430 recipere
1487 1385 1640 1420 dicebat.

938 1438 993 1469 10.
1019 1433 1282 1480 mathematici]
1299 1433 1372 1478 vgl.
1391 1432 1491 1468 Suet.
1508 1431 1582 1466 Vit.
1599 1435 1643 1466 14

888 1482 1050 1525 iubebat,
1067 1482 1170 1516 intra
1184 1481 1360 1516 kalendas
1376 1480 1541 1515 Octobris
1554 1480 1644 1514 urbe

888 1529 1076 1575 {taliaque
1122 1529 1371 1564 mathematici
1420 1527 1641 1562 excederent.

889 1576 989 1611 Uber
1034 1576 1094 1611 die
1136 1576 1363 1621 Astrologen
1406 1575 1482 1609 und
1529 1574 1644 1610 deren

891 1624 1135 1672 yviederholte
1148 1623 1395 1667 Ausweisung
1409 1635 1437 1658 s.
1450 1633 1495 1657 zu
1506 1621 1532 1665 Ι,
1543 1626 1599 1664 22,
1609 1625 1641 1656 8.

888 1664 989 1707 Uber
1009 1672 1079 1707 den
1093 1671 1177 1706 Abl.
1194 1671 1314 1705 Italia
1337 1683 1363 1706 s.
1385 1683 1429 1704 zu
1449 1669 1494 1712 II,
1510 1674 1567 1712 65,
1584 1673 1638 1705 12.

940 1723 995 1754 11.
1030 1719 1133 1765 ludo]
1159 1718 1240 1753 hier
1265 1729 1353 1753 vom
1380 1717 1642 1752 Gladiatoren-

891 1766 1006 1812 spiele
1039 1768 1190 1812 gesagt,
1231 1778 1309 1801 was
1346 1765 1412 1799 der
1446 1764 1580 1799 Zusatz
1612 1767 1645 1799 et

889 1815 1029 1849 harena
1073 1814 1273 1858 andeutet,
1318 1812 1424 1857 eigtl.
1460 1823 1535 1847 von
1579 1812 1646 1846 der

869 1858 1160 1904 'Fechtschule,
1192 1860 1263 1895 wie
1291 1860 1395 1895 Caes.
1423 1859 1458 1894 b.
1487 1870 1517 1895 e.
1543 1859 1571 1901 Ι,
1600 1862 1644 1892 14

891 1910 1133 1955 yladiatores,
1161 1919 1249 1953 quos
1267 1908 1321 1942 ibi
1344 1906 1477 1942 Caesar
1496 1907 1538 1941 in
1558 1906 1644 1941 ludo

891 1957 1057 1992 habebat.
1097 1956 1182 2000 Vgl.
1215 1955 1476 1998 Friedl'z'tnder,
1516 1954 1643 1990 Darst.

891 2003 927 2038 II
954 2003 987 2039 S.
1018 2008 1084 2039 157
1106 2003 1123 2037 f
1151 2031 1158 2038 .

938 2052 996 2098 id]
1017 2052 1075 2086 fur
1091 2015 1215 2091 adl-gi&
1235 2049 1309 2092 vgl.
1324 2048 1387 2092 IV,
1403 2052 1447 2083 42
1468 2049 1533 2083 hoc
1554 2051 1645 2083 certe

890 2099 991 2134 Nero
1016 2109 1092 2133 non
1112 2098 1243 2143 coeyit,·
1268 2096 1381 2140 Verg.
1402 2097 1493 2130 Aen.
1515 2095 1578 2137 111,
1600 2099 1644 2130 56

894 2146 984 2190 quid
997 2157 1072 2181 ‘non
1085 2146 1259 2180 mortalia
1268 2147 1419 2188 pectora
1433 2143 1541 2187 coyis,
1559 2143 1646 2178 auri

894 2204 1001 2228 sacra
1027 2194 1160 2236 fames!
1186 2192 1249 2235 IV,
1269 2195 1337 2226 412
1359 2191 1511 2235 inprobe
1531 2201 1645 2232 amor,

893 2242 983 2285 quid
1021 2251 1096 2275 non
1133 2239 1307 2274 mortalia
1341 2242 1490 2283 pectora
1528 2238 1645 2282 cogis!

894 2287 973 2322 Liv.
1000 2286 1133 2331 XXIII,
1163 2291 1218 2330 10,
1246 2290 1266 2321 6
1292 2286 1450 2332 neyabat
1477 2285 1549 2331 Ieye
1572 2285 1645 2328 foe-

894 2336 993 2370 deris
1019 2336 1059 2369 id
1085 2335 1148 2379 (se)
1174 2335 1254 2379 coqi
1279 2344 1396 2378 posse.
1449 2332 1497 2367 So
1530 2332 1647 2367 echon

896 2382 970 2418 Cic,
998 2382 1043 2417 de
1069 2393 1146 2426 rep.
1173 2381 1208 2423 Ι,
1235 2385 1275 2424 2,
1302 2385 1322 2415 3
1355 2381 1417 2415 ille
1442 2380 1547 2421 civis,
1582 2381 1647 2425 qui

895 2430 935 2465 id
979 2430 1074 2474 coyit
1111 2430 1228 2463 omnis
1264 2429 1417 2472 imperio
1461 2428 1646 2472 leyumque

890 2488 1033 2522 poena,
1064 2477 1161 2522 quod
1185 2477 1250 2511 vix
1270 2476 1404 2521 paucis
1425 2476 1647 2519 persuadere

896 2526 1060 2559 oratione
1079 2524 1291 2568 philosophi
1310 2526 1476 2567 possiunt.

947 2575 1000 2606 14.
1022 2571 1185 2616 inlicere]
1205 2570 1281 2606 Der
1295 2570 1364 2605 Inf.
1385 2569 1447 2604 bei
1466 2569 1646 2604 aemulari

897 2636 941 2649 =
968 2630 1050 2654 cum
1070 2619 1312 2653 aemulatione
1337 2622 1475 2653 certare
1499 2617 1647 2650 kommt

898 2668 1003 2701 sonst
1027 2666 1132 2701 nieht
1157 2676 1242 2709 νοτ,
1268 2664 1344 2711 vgl.
1371 2677 1415 2699 zu
1440 2663 1504 2707 III,
1532 2667 1588 2706 61,
1612 2667 1644 2698 4.

944 2760 1007 2796 63.
1036 2764 1066 2795 1.
1089 2760 1353 2796 dominationis
1372 2759 1542 2802 magister
1570 2756 1646 2791 ‘ein

897 2807 1148 2843 Lehrmeister
1186 2807 1252 2843 der
1287 2805 1501 2851 Despotie'3
1542 2816 1566 2839 s.
1602 2815 1647 2838 zu

898 2867 926 2891 c·
945 2859 1225 2948 {Si-&uzimuq
1253 2900 1286 2945 I,
1314 2903 1369 2935 88.
