1875 3214
151 520 204 561 72

222 113 306 156 108

744 113 908 149 TACITI
932 112 1270 148 HISTORIARUM

222 226 290 264 sed
323 226 417 264 deos
450 231 572 263 testes
598 232 758 263 mutuae
791 224 1124 263 reconciliationis
1156 223 1365 276 adhibens,
1398 225 1531 263 statim
1561 225 1665 263 inter
1697 226 1786 264 inti-

140 294 193 325 -10
221 297 305 323 mos
338 285 484 323 amicos
521 283 658 322 habuit
697 289 736 322 et
778 296 869 322 mox
907 283 1008 322 bello
1048 284 1152 322 inter
1196 283 1318 322 duces
1357 283 1518 335 delegit,
1562 285 1785 335 mansitque

221 343 333 382 Celso
367 344 473 382 velut
498 343 668 382 fataliter
695 344 813 382 etiam
838 355 911 394 pro
939 342 1093 382 Othone
1120 342 1218 380 fides
1243 344 1397 393 integra
1424 348 1463 381 et
1493 342 1642 382 infelix,
1686 342 1787 382 laeta

219 402 462 454 primoribus
491 403 674 454 civitatis,
700 402 896 443 celebrata
922 404 962 440 in
986 401 1126 452 vulgus
1148 401 1250 440 Celsi
1276 401 1381 440 salus
1407 414 1457 440 ne
1482 401 1675 441 militibus
1703 403 1788 453 qui-

221 462 309 500 dem
341 463 494 513 ingrata
527 462 619 514 fuit,
653 462 816 500 eandem
848 463 1038 500 virtutem
1071 460 1375 513 admirantibus,
1407 462 1473 500 cui
1503 461 1788 501 irascebantur.

338 521 414 559 Par
445 521 537 560 inde
570 521 779 560 exsultatio
818 520 1043 571 disparibus
1081 521 1210 559 causis
1243 525 1456 559 consecuta
1495 521 1692 572 inpetrato
1725 520 1788 559 Ti-

220 579 354 630 gellini
386 581 517 620 exitio,
572 580 798 631 Sophonius
824 579 1041 630 Tigellinus
1076 579 1257 618 obscuris
1278 579 1528 631 parentibus,
1555 579 1668 618 foeda
1693 592 1788 630 pue-

219 640 326 691 ritia,
372 640 558 690 inpudica
597 645 756 678 senecta
794 639 1084 690 praefecturam
1128 638 1288 689 vigilum
1327 643 1367 677 et
1405 640 1596 690 praetorii
1639 644 1678 677 et
1714 638 1789 677 alia

220 700 395 749 praemia
414 700 620 750 virtutum,
643 700 734 749 quia
755 698 930 737 velocius
951 703 1046 750 erat,
1066 699 1171 736 vitiis
1192 697 1370 750 adeptus,
1390 710 1481 736 mox
1503 697 1789 750 crudelitatem,

220 813 316 847 ultro
341 813 417 857 vgl.
439 825 481 847 zu
503 824 532 847 6.
555 817 586 857 7,
608 817 645 857 83
672 812 764 847 iiber
789 813 970 857 imputare

219 872 263 894 zu
284 871 314 895 6.
336 863 392 903 38,
415 864 446 895 9.

267 918 332 942 nee
354 907 444 942 Otho
469 907 576 951 quasi
601 907 813 952 iynosceret]
829 918 878 942 sc.
899 907 968 942 cri—

219 954 330 988 minis
356 965 430 989 reo.
476 953 575 988 Otho
603 955 669 988 sah
695 954 734 988 in
760 954 826 988 der
849 954 967 988 Treue

220 1002 284 1036 des
296 1001 422 1037 Celsus
431 1013 553 1047 gegen
566 1000 685 1037 Galba
695 1001 804 1036 keine
817 1001 967 1046 Schuld,

221 1049 280 1083 die
318 1061 357 1084 er
390 1062 434 1083 zu
470 1049 666 1084 verzeihen
702 1049 819 1083 h'atte.
869 1029 969 1083 Uber

219 1097 292 1131 den
330 1096 527 1131 Gebrauch
573 1097 639 1131 der
679 1096 849 1132 Partikel
891 1107 968 1139 nec,

219 1144 454 1189 demzufolge
494 1144 553 1178 (116
599 1144 707 1179 darin
753 1144 968 1178 euthaltene

219 1191 408 1236 Negation
436 1194 535 1235 (non)
560 1191 666 1226 nicht
686 1203 768 1226 zum
789 1190 971 1225 Pradikat

220 1239 284 1274 des
320 1238 568 1283 Hauptsatzes
601 1240 773 1283 (habuit),
810 1239 970 1273 sondern

219 1298 302 1320 zum
334 1287 570 1321 Nebensatze
604 1287 726 1331 (quasi
757 1287 968 1330 iynosceret)

219 1334 372 1379 gehort,
403 1334 477 1379 vgl.
499 1334 561 1375 IV,
585 1338 626 1369 16
653 1345 718 1368 nec
743 1335 809 1369 diu
835 1337 969 1368 certato

222 1381 456 1425 Tunyrorum
476 1382 601 1416 cohors
620 1382 728 1426 siqua
749 1382 798 1416 ad
820 1381 969 1415 Civilem

220 1429 432 1470 transtulit‚·
465 1440 494 1463 6.
520 1433 564 1463 36
596 1440 660 1464 nec
685 1430 752 1464 diu
778 1432 970 1463 cunctatus

219 1476 455 1511 Hordeonius
469 1504 476 1511 .
493 1505 500 1512 .
518 1504 524 1511 .
540 1477 660 1518 dedit,-
693 1477 736 1512 A.
758 1475 836 1519 ΧΠ,
860 1480 879 1510 7
905 1487 969 1511 nec

222 1522 401 1558 Claudius
443 1524 544 1558 ultra
593 1527 794 1569 exspectato
843 1524 969 1558 obvius

220 1572 321 1614 apud
346 1571 468 1613 forum
489 1572 639 1614 praebet
660 1582 696 1606 se
714 1571 969 1616 gratantibus,-

220 1618 264 1652 H.
279 1618 308 1663 Ι,
323 1622 368 1652 34
388 1629 452 1652 nec
472 1619 614 1653 diutius
635 1619 756 1653 Galba
777 1622 969 1653 cunctatus

219 1667 439 1709 speciosiora
464 1667 703 1701 suadentibus
728 1667 896 1707 accessit,·
922 1665 968 1709 ΙΙ,

221 1717 264 1747 63
281 1724 345 1748 nec
359 1713 446 1748 ullis
465 1716 651 1747 tantorum
671 1714 866 1748 criminum
881 1724 968 1757 pro-

221 1761 430 1795 bationibus
467 1761 509 1795 in
544 1761 809 1805 paenitentiam
846 1771 968 1794 versus

219 1818 337 1842 seram
357 1809 499 1843 veniam
519 1812 603 1852 post
622 1809 735 1843 scelus
754 1808 949 1852 quaerebat
955 1822 968 1851 ,-

220 1854 289 1898 ΙΙΙ,
325 1859 344 1890 5
382 1866 446 1890 nec
482 1856 540 1890 his
577 1859 643 1890 aut
679 1856 754 1890 illis
786 1855 968 1899 proelium

221 1904 484 1947 temptantibus
508 1903 662 1945 fortuna
690 1905 855 1946 partium
881 1903 972 1937 alibi

222 1954 432 1991 transacta‚·
455 1951 499 1984 A.
513 1949 610 1994 XIV,
626 1954 670 1985 58
691 1962 754 1984 nec
774 1950 904 1985 milites
922 1950 973 1984 ad

221 1998 335 2032 scelus
372 1998 499 2032 missos
537 2002 602 2032 aut
638 2008 788 2032 numero
832 1997 973 2032 validos

223 2049 288 2080 aut
303 2045 426 2080 animo
440 2049 641 2089 promptos,
662 2049 856 2089 postquam
870 2045 973 2079 iussa

222 2093 361 2136 efficere
386 2094 632 2136 nequiverint,
668 2094 717 2128 ad
748 2103 827 2136 spes
859 2103 972 2126 novas

224 2141 408 2175 transisse.
436 2140 470 2174 S.
492 2140 616 2176 Madv.
638 2144 657 2182 ξ
678 2143 747 2174 458
768 2140 874 2174 Anm.
896 2143 927 2174 2.

272 2191 303 2222 9.
337 2188 420 2222 deos
452 2190 554 2222 testes
585 2192 731 2222 mutuae
761 2187 973 2222 reconcilia-

224 2236 336 2270 tionis
369 2235 558 2281 adhibens]
592 2234 690 2270 Otho
722 2234 813 2279 ging
845 2234 884 2268 in
910 2233 975 2268 der

223 2281 331 2317 Rolle
347 2282 410 2317 des
427 2282 706 2327 Grossmiitigen
724 2293 763 2316 so
779 2281 876 2324 weit,
892 2281 974 2315 dass

225 2339 264 2363 er
284 2340 352 2363 nur
368 2329 449 2364 eine
473 2330 730 2374 gegenseitige
739 2329 973 2363 Wiederaus-

225 2376 398 2422 sohnung
430 2377 832 2420 Gleichberechtigter‚
870 2377 975 2411 nicht

225 2423 307 2458 eine
345 2423 541 2468 einseitige
576 2424 810 2467 Verzeihung
847 2424 974 2468 gelten

226 2470 310 2505 liess
331 2471 406 2504 und
426 2483 488 2505 zur
508 2471 722 2506 feierliohen
743 2471 976 2514 Bekundung

229 2518 359 2553 dessen
388 2518 447 2552 die
467 2517 597 2553 Gotter
617 2531 658 2553 zu
681 2520 829 2563 Zeugen
848 2519 974 2552 nahm.

228 2565 276 2600 So
310 2564 423 2599 heisst
455 2576 492 2599 63
518 2566 560 2601 A.
582 2566 661 2609 XV,
681 2570 725 2600 23
758 2577 829 2600 von
862 2565 973 2608 Nero,

226 2613 291 2647 der
311 2612 381 2646 mit
400 2612 521 2646 seiner
540 2612 654 2648 Milde
675 2624 795 2658 gegen
813 2613 976 2647 Thrasea

226 2659 383 2705 prahlen
408 2660 551 2694 wollte:
580 2664 739 2695 secutum
764 2661 892 2695 dehinc
917 2671 974 2694 vo-

227 2718 299 2742 cem
321 2708 488 2742 Caesaris
507 2707 642 2749 ferunt,
669 2719 741 2751 qua
760 2708 973 2743 reconcilia-

226 2758 303 2789 tum
316 2766 351 2789 se
369 2754 546 2789 Thraseae
560 2755 660 2799 apud
675 2754 846 2789 Senecam
860 2756 973 2789 iacta-

228 2803 328 2837 verit.
380 2801 432 2836 Zu
466 2803 548 2837 deos
574 2805 674 2836 testes
698 2802 872 2836 adhibens
898 2802 980 2845 vgl(

227 2850 270 2883 H.
298 2848 359 2890 IV,
386 2853 429 2883 41
470 2850 552 2884 deos
589 2853 690 2884 testes
728 2849 975 2890 advocabant,-

227 2898 270 2932 A.
291 2896 369 2939 XII,
392 2900 435 2931 47
469 2900 509 2931 ut
541 2897 597 2931 dis
629 2896 776 2931 testibus
801 2907 882 2940 pax
913 2896 974 2938 fir-

1041 814 1211 846 maretur.
1263 812 1353 846 Zum
1380 810 1470 846 Gen.
1496 815 1644 847 mutuae
1668 822 1790 847 recon-

1042 859 1243 894 ciliationis
1274 858 1349 903 vgl.
1376 858 1453 894 Liv.
1480 858 1629 902 XXXV,
1657 863 1718 904 31,
1747 863 1790 894 13

1041 907 1124 941 deos
1159 910 1260 941 testes
1296 907 1439 951 inyrati
1476 917 1520 941 ac
1550 907 1790 951 perfidissimi

1041 955 1159 988 animi
1167 954 1215 988 M
1215 958 1383 998 aqnetum
1397 955 1581 989 invocavit
1587 968 1601 997 ‚·
1620 953 1790 997 XXXIX,

1042 1005 1097 1045 51,
1121 1005 1163 1035 12
1185 1002 1266 1036 deos
1285 1002 1442 1036 violatae
1460 1002 1506 1036 ab
1526 1012 1565 1036 eo
1584 1002 1670 1044 fidei
1686 1005 1790 1037 testes

1040 1050 1236 1091 invocans;
1261 1048 1429 1092 XXVIII,
1449 1052 1505 1093 44,
1529 1052 1548 1084 7
1569 1049 1609 1084 di
1633 1049 1790 1092 foederis

1042 1097 1086 1130 ab
1112 1097 1207 1131 hoste
1232 1097 1361 1131 violati
1385 1099 1497 1131 testes.

1093 1148 1146 1178 10.
1178 1135 1278 1178 Uber
1311 1144 1382 1178 den
1408 1144 1491 1178 Dat.
1521 1144 1610 1178 bello
1635 1155 1662 1177 3.
1688 1155 1732 1178 zu
1758 1154 1788 1200 6.

1093 1242 1146 1273 11.
1174 1238 1335 1284 inteyra]
1359 1237 1698 1283 unverbriichlich,
1724 1250 1788 1272 un-

1045 1285 1290 1320 wandelbar’.

1089 1333 1237 1379 infelix]
1253 1332 1381 1368 Celsus
1402 1332 1539 1367 musste
1560 1332 1656 1367 nach
1672 1332 1790 1367 Othos

1044 1380 1149 1414 Sturz
1184 1381 1259 1414 und
1291 1380 1373 1414 'rod
1408 1380 1467 1414 die
1503 1379 1694 1415 Grofsmut
1725 1380 1789 1414 des

1043 1427 1218 1462 Vitellius
1245 1428 1399 1462 anrufen
1426 1427 1485 1472 (II,
1513 1429 1583 1472 60).

1092 1479 1146 1511 12.
1179 1476 1221 1509 in
1245 1475 1392 1521 vulqus]
1425 1476 1485 1509 fiir
1516 1475 1620 1519 apud
1650 1475 1792 1520 vulqus,

1043 1522 1113 1557 wie
1139 1523 1182 1565 A,
1208 1522 1236 1565 I,
1257 1526 1303 1556 28
1328 1523 1427 1566 yrati
1451 1523 1494 1556 in
1517 1523 1668 1567 vulqus;
1694 1534 1723 1557 6.
1747 1526 1791 1557 76

1041 1570 1083 1604 in
1115 1551 1244 1614 661963
1275 1570 1570 1612 formidolosum;
1601 1569 1652 1614 II,
1680 1573 1724 1604 59
1751 1570 1793 1604 in

1040 1618 1170 1671 vulqus
1188 1620 1317 1662 9rata;
1341 1616 1405 1661 VI,
1419 1620 1465 1651 45
1486 1620 1590 1652 tanto
1608 1618 1791 1662 acceptius

1041 1666 1083 1699 in
1106 1666 1181 1699 vul
1170 1675 1256 1708 Jus
1290 1664 1333 1698 H.
1361 1664 1407 1708 ΙΙ,
1434 1668 1479 1699 26
1504 1666 1546 1699 in
1570 1665 1700 1709 vulqus
1725 1665 1791 1699 ad-

1040 1723 1139 1747 verso
1173 1723 1316 1747 rumore
1352 1712 1447 1754 fuit;
1481 1711 1509 1753 Ι,
1536 1715 1580 1747 86
1614 1712 1727 1755 fames
1751 1713 1794 1746 in

1040 1760 1192 1804 vulqus;
1214 1771 1242 1793 6.
1259 1763 1303 1793 93
1323 1760 1468 1794 crebrae
1486 1760 1528 1793 in
1547 1760 1678 1804 vulqus
1696 1770 1792 1794 mor-

1041 1810 1101 1841 tes.
1154 1805 1201 1840 So
1234 1809 1348 1840 sehon
1380 1806 1440 1840 bei
1467 1805 1540 1840 Cic.
1567 1806 1615 1840 ad
1640 1806 1718 1841 Att.
1745 1805 1791 1849 ΙΙ,

1046 1858 1102 1897 22,
1130 1857 1150 1887 3
1177 1854 1219 1887 in
1250 1854 1381 1898 vulqus
1410 1857 1556 1898 ⁸(Iratum
1588 1864 1660 1888 esse
1685 1854 1792 1889 senti-

1044 1911 1144 1943 mus‚·
1170 1900 1230 1942 IX,
1258 1904 1290 1943 5,
1318 1905 1336 1934 2
1364 1901 1406 1935 in
1430 1901 1560 1945 vulqus
1585 1904 1714 1944 notus;
1745 1901 1793 1936 ad

1044 1947 1132 1984 fam.
1155 1947 1250 1992 XIII,
1274 1951 1329 1982 70.
1358 1948 1403 1983 de
1429 1948 1504 1983 div.
1524 1948 1558 1982 II
1578 1952 1596 1991 ξ
1618 1951 1674 1984 86.

1095 2043 1155 2077 72.
1184 2047 1214 2077 1.
1242 2043 1455 2087 disparibus
1474 2043 1610 2089 causis]
1633 2042 1728 2077 ohne
1748 2043 1791 2077 cle

1046 2090 1101 2124 als
1136 2090 1288 2125 Ablativ
1322 2091 1386 2125 des
1419 2089 1680 2125 obwaltenden
1704 2089 1793 2124 Um-

1049 2138 1216 2180 standes,
1248 2137 1318 2172 wie
1345 2149 1374 2172 6.
1403 2141 1446 2172 63
1473 2138 1594 2172 causis
1623 2138 1794 2179 incertis;

1047 2185 1089 2219 A
1117 2185 1144 2229 I,
1174 2190 1216 2220 16
1242 2185 1355 2220 nullis
1379 2185 1484 2220 novis
1517 2186 1658 2227 causis;
1690 2195 1720 2219 6.
1747 2188 1791 2219 31

1047 2213 1159 2267 isdem
1178 2233 1319 2274 causis;
1344 2232 1406 2276 IV,
1421 2236 1464 2266 22
1485 2233 1586 2267 incer
1588 2233 1634 2267 tis
1653 2233 1794 2274 causis,-

1048 2279 1146 2323 XIV,
1173 2284 1217 2314 32
1243 2280 1349 2315 nulla
1375 2280 1501 2323 palam
1533 2290 1664 2322 causa;
1678 2278 1792 2333 XVI

1051 2332 1091 2362 17
1118 2328 1233 2362 nullis
1258 2328 1434 2372 supplicii
1458 2328 1590 2361 causis.

1096 2379 1124 2409 2.
1154 2374 1371 2420 Tiyellinus]
1402 2386 1428 2408 3.
1455 2385 1499 2408 zu
1525 2384 1557 2409 6.
1583 2378 1641 2417 24,
1667 2377 1698 2409 2.

1094 2422 1218 2468 foeda]
1247 2433 1274 2456 3.
1301 2433 1345 2456 zu
1370 2433 1400 2456 6.
1429 2426 1461 2465 7,
1488 2425 1519 2456 6.

1097 2473 1128 2504 3.
1152 2470 1423 2514 praefecturam
1436 2468 1634 2515 praetorii]
1656 2468 1728 2503 seit
1747 2471 1791 2503 62

1048 2528 1082 2551 11.
1110 2517 1192 2552 Chr.
1220 2517 1277 2560 (A.
1304 2516 1400 2559 XIV,
1427 2517 1497 2559 51).

1095 2567 1127 2599 4.
1155 2565 1254 2610 mox]
1275 2564 1380 2598 Nach
1394 2563 1581 2598 Wolfflins
1601 2562 1791 2597 Beobach-

1047 2613 1141 2656 tung
1166 2611 1281 2646 findet
1307 2610 1386 2645 sich
1405 2610 1466 2646 bei
1485 2610 1570 2644 Tac.
1590 2620 1673 2645 mox
1691 2609 1791 2644 wohl

1047 2658 1232 2693 zwischen
1252 2658 1335 2704 Adj.
1355 2658 1431 2693 und
1451 2657 1573 2692 Subst.
1599 2657 1793 2702 eingeffigb

1048 2706 1088 2749 (Ι,
1104 2711 1160 2741 32.
1180 2706 1225 2749 ΙΙ,
1242 2709 1319 2740 101.
1341 2705 1402 2750 IV,
1415 2708 1470 2742 50.
1493 2704 1534 2740 A.
1547 2705 1574 2749 I,
1591 2708 1644 2739 13.
1661 2704 1722 2747 VI,
1735 2707 1790 2738 34.

1048 2752 1108 2796 XI,
1124 2757 1180 2788 22.
1201 2757 1258 2788 26.
1284 2752 1381 2796 ΧΙΙΙ,
1402 2756 1473 2796 22),
1499 2751 1675 2797 nirgends
1702 2751 1792 2785 aber

1048 2800 1133 2835 dem
1171 2801 1317 2844 Worte,
1361 2811 1406 2834 zu
1444 2800 1527 2835 dem
1568 2810 1606 2834 es
1645 2798 1789 2844 geber-t,

1047 2848 1308 2892 nachgestellt.
1352 2846 1478 2882 Daher
1503 2847 1626 2881 haben
1652 2857 1690 2880 er
1714 2844 1790 2879 und

1048 2894 1087 2930 L.
1116 2894 1278 2939 Spengel
1310 2895 1378 2928 mit
1403 2894 1523 2928 Recht
1550 2903 1634 2928 moa:
1659 2902 1792 2927 voran—
