1875 3214
144 631 186 662 10

215 91 302 132 224
735 88 897 124 TACITI
923 87 1262 123 HISTORIARUM

212 215 419 254 egressum
465 201 649 241 cubiculo
690 200 973 252 Vespasianum
1018 202 1136 252 pauci
1180 199 1342 252 milites,
1395 199 1511 240 solito
1556 200 1794 241 adsistentes
1846 193 1848 198 ¹

214 263 353 301 ordine
387 267 430 301 ut
462 262 635 313 legatum
676 260 901 313 salutaturi,
946 262 1228 312 imperatorem
1271 259 1508 299 salutavere:
1554 265 1638 299 tum
1671 262 1796 300 ceteri
1852 250 1853 255 ¹

217 323 451 375 adcurrere,
492 322 699 360 Caesarem
739 327 779 359 et
816 321 1039 371 Augustum
1081 325 1120 358 et
1159 320 1289 358 omnia
1327 320 1576 371 principatus
1608 319 1795 359 vocabula

213 381 429 420 cumulare.
494 393 605 419 mens
632 393 652 419 a
685 386 793 419 metu
827 380 873 418 ad
908 380 1108 418 fortunam
1135 380 1366 418 transierat:
1398 381 1439 418 in
1471 380 1558 430 ipso
1594 379 1693 418 nihil
1733 385 1793 418 tu-

214 442 364 480 midum
399 441 593 492 adrogans
621 445 689 478 aut
714 442 755 478 in
782 439 903 478 rebus
937 440 1049 477 novis
1076 451 1222 477 novum
1250 438 1336 477 fuit.
1387 444 1432 477 ut
1463 439 1637 490 primum
1664 444 1795 478 tantae
1849 425 1852 442 ⁵

213 501 434 540 altitudinis
459 501 639 539 obfusam
666 499 791 539 oculis
819 498 1028 549 caliginem
1055 498 1228 550 disiecit,
1260 497 1484 537 militariter
1511 498 1668 537 locutus
1695 497 1794 537 laeta
1850 513 1853 549 ᾗ

214 562 343 599 omnia
377 567 416 600 et
448 560 650 600 affluentia
684 560 857 611 excepit,
900 570 1070 608 namque
1103 557 1143 595 id
1176 559 1307 608 ipsum
1341 559 1554 609 opperiens
1586 557 1794 596 Mucianus
1852 555 1853 558 ’

215 620 384 659 alacrem
423 620 588 659 militem
627 621 668 657 in
706 618 826 657 verba
865 617 1094 668 Vespasiani
1139 616 1282 668 adegit.
1344 623 1430 656 tum
1468 617 1796 656 Antiochensium

215 680 414 719 theatrum
448 682 670 731 ingressuS,
713 678 781 716 ubi
820 677 897 716 illis
937 677 1163 716 consultare
1196 688 1282 715 mos
1315 682 1394 729 est,
1439 681 1726 715 concurrentes
1760 681 1799 715 et

216 741 257 778 in
291 740 557 779 adulationem
591 738 738 777 effusos
777 737 1025 788 adloquitur,
1072 737 1167 775 satis
1188 736 1371 775 ‚decorus
1410 738 1528 775 etiam
1565 735 1712 775 Graeca
1746 736 1798 774 fa-

215 800 358 839 cundia
392 801 670 849 omniumque,
705 810 805 849 quae
838 797 991 836 diceret
1022 802 1140 848 atque
1174 801 1327 848 ageret,
1360 801 1444 835 arte
1472 795 1639 847 quadam
1668 801 1798 834 osten-

216 938 293 972 erst
324 948 391 972 vor
422 937 574 971 kurzem
608 936 668 971 die
694 935 884 980 Legionen
910 935 970 970 fiir

215 985 394 1019 Vitellius
432 984 471 1019 in
507 984 577 1019 Eid
616 984 693 1018 und
731 983 869 1018 Pflicht
907 995 968 1028 ge-

216 1044 392 1068 nonimen
420 1034 464 1077 (0
495 1034 565 1076 74).

262 1091 342 1125 spes
356 1081 474 1124 timor,
492 1081 589 1114 ratio
605 1079 726 1125 casus]
743 1091 770 1114 s.
786 1079 873 1122 zuI,
889 1082 920 1121 3,
937 1082 968 1113 8.

215 1121 316 1163 Uber
342 1128 401 1162 die
422 1127 647 1173 Bedeutung
672 1139 746 1162 von
770 1127 868 1162 ratio
893 1127 967 1171 vgl.

215 1189 258 1210 zu
286 1176 330 1219 ΙΙ,
362 1180 417 1219 19,
444 1180 476 1210 9.

264 1228 296 1259 4.
338 1228 379 1258 ut
430 1225 587 1268 leyaturn
629 1223 849 1269 salutaturi]
901 1221 970 1256 Die

216 1272 359 1306 VVache
386 1271 498 1306 sollte
519 1271 723 1316 eigentlich
745 1271 829 1305 dem
852 1269 971 1305 Stath-

215 1320 340 1354 halter
366 1320 439 1354 den
460 1319 688 1365 gewohnten
708 1317 970 1364 Morgengruss

217 1368 380 1402 zurufen.

265 1419 296 1450 5.
324 1416 541 1450 vocabulum
570 1414 729 1457 ‘Titel’,
756 1414 826 1448 wie
854 1425 885 1449 c.
914 1416 968 1457 58,

220 1468 274 1498 12.
303 1467 359 1507 62,
387 1467 418 1498 9.
466 1463 549 1507 Vgl.
577 1463 674 1497 auch
700 1462 762 1506 IV,
792 1465 837 1496 14
862 1462 972 1496 varia

211 1512 427 1555 praedandi
457 1511 645 1546 voeabula.
680 1530 724 1535 —
757 1510 835 1544 Aus
866 1520 971 1545 voea-

218 1560 306 1594 bula
339 1560 524 1594 cumulare
557 1558 738 1593 entnimm
770 1569 899 1593 vocare
928 1570 972 1591 zu

220 1606 411 1642 Caesarem
437 1611 469 1641 et
495 1606 705 1651 Auyustum
733 1606 938 1651 (Zeugma).

266 1659 298 1689 6.
311 1665 409 1689 mens
421 1666 444 1689 a
457 1658 554 1688 metu
565 1654 653 1699 ete]
670 1654 740 1688 Die
757 1654 971 1698 Stimmung

218 1703 284 1738 der
303 1701 636 1746 Anhangerschaft
656 1712 733 1735 war
753 1701 871 1736 sofort
890 1712 971 1735 um-

218 1749 446 1795 geschlagen
472 1750 549 1784 und
575 1750 680 1784 hatte
707 1749 787 1783 sich
807 1760 880 1784 von
900 1749 970 1783 Be-

219 1797 366 1844 sorgnis
381 1798 503 1832 einem.
517 1796 758 1842 glficklichen
771 1796 972 1841 Ausgange

218 1847 285 1881 der
301 1844 628 1889 Schilderhebung
642 1845 875 1889 zugewandt.
903 1844 974 1878 Zur

217 1894 413 1938 Pragnanz
448 1894 514 1927 der
546 1892 768 1937 Bedeutung
800 1903 873 1926 von
899 1892 973 1935 for-

218 1942 352 1983 tuna(‘
358 1940 795 1986 glficklicherAusgang,
811 1938 955 1984 Erfolg’
962 1942 974 1984 )

217 1990 292 2035 vgl.
314 1989 378 2032 IV,
402 1992 446 2024 78
472 1992 616 2024 secutus
640 1989 831 2032 fortunam
850 1991 975 2022 eastra

217 2037 376 2072 hostium
389 2038 492 2081 capit
506 2037 756 2081 eoeeinditque;
776 2035 818 2069 A.
834 2034 912 2078 XV,
929 2038 974 2069 34

218 2085 337 2129 ipsam
362 2085 515 2120 recentis
542 2095 648 2119 casus
673 2085 864 2127 fortunam
890 2084 974 2117 cele-

218 2134 330 2168 brans
358 2134 506 2177 (Ner0);
539 2132 627 2177 Agr.
655 2135 676 2165 8
710 2132 759 2167 ad
791 2134 975 2166 auctorem

218 2192 262 2216 ac
287 2182 413 2216 ducem
439 2185 481 2215 ut
505 2181 672 2214 minister
702 2180 892 2223 fortunam
917 2189 976 2213 re-

217 2229 377 2273 ferebat,·
418 2239 447 2263 c.
484 2231 527 2263 16
560 2238 670 2272 quam
709 2226 973 2271 (Britanniam)

217 2278 333 2311 unius
352 2277 489 2321 proelii
515 2276 671 2319 fortuna
696 2275 809 2309 veteri
828 2274 973 2318 patien-

220 2325 293 2359 tiae
325 2325 496 2359 restituit.
548 2324 655 2357 Auch
689 2323 733 2357 H.
770 2321 803 2364 Ι,
839 2325 900 2365 10,
930 2324 973 2355 15

218 2371 309 2406 lasst
323 2372 402 2407 sich
411 2375 495 2416 post
511 2372 701 2414 fortunam
721 2369 838 2404 durch
861 2369 973 2403 ‘nach

220 2420 305 2453 dem
327 2418 570 2463 gliicklichen
590 2417 758 2462 Erfolge'
787 2417 971 2452 erklaren.

218 2465 410 2501 Prammer
430 2466 516 2501 liest
540 2467 717 2510 fiduciam
743 2466 835 2500 statt
853 2465 973 2508 sortu-

218 2526 316 2557 nam,
338 2526 401 2548 um
416 2515 525 2549 einen
543 2514 746 2559 kontr‘a‘tren
763 2513 972 2557 Gegensatz

220 2574 263 2596 zu
289 2566 385 2597 metu
410 2561 670 2596 herzustellen.
704 2552 804 2595 Uber
824 2559 884 2594 die
904 2559 973 2593 Be-

221 2611 388 2654 deutung
415 2610 480 2644 des
506 2608 630 2653 qupf.
658 2621 684 2645 s.
712 2621 755 2642 zu
782 2608 827 2651 ΙΙ,
855 2612 887 2652 5,
917 2611 972 2642 12.

267 2658 310 2692 in
334 2658 414 2702 ipso
439 2657 533 2692 nihil
558 2667 692 2691 novum
717 2656 807 2702 fuit]
841 2655 891 2690 Er
917 2656 975 2689 fiir

220 2705 321 2740 seine
336 2706 473 2740 Peison
494 2714 570 2738 war
589 2703 628 2738 in
648 2704 720 2739 den
740 2715 859 2739 neuen
882 2703 973 2738 Ver—

219 2752 429 2787 haltnissen
450 2752 518 2786 der‘
534 2752 611 2786 alte
635 2751 846 2796 geblieben.
873 2743 973 2785 Uber

219 2802 403 2836 tumidum
429 2813 456 2835 s.
485 2812 530 2834 zu
557 2810 586 2834 c.
615 2803 672 2842 30,
702 2803 755 2833 13.

269 2852 301 2884 7.
335 2852 376 2883 ut
402 2848 566 2893 primum
597 2850 722 2882 tantae
760 2846 973 2881 altitudinis

220 2897 389 2940 obfusam
427 2896 542 2931 oculis
580 2896 773 2939 ealiyinem
811 2893 969 2939 disiecit]

1045 925 1195 969 ‘so'bald
1223 944 1262 968 er
1289 934 1360 968 den
1388 933 1612 977 Schwindel,
1640 933 1705 968 der
1730 932 1797 968 11111

1043 981 1136 1017 fiber
1162 981 1262 1017 seine
1289 981 1387 1017 110116
1412 981 1584 1026 Stellung
1604 981 1799 1025 fiberkam,

1043 1029 1297 1065 iiberwunden
1313 1029 1448 1063 hatte’.
1474 1029 1560 1073 Vgi.
1577 1029 1654 1063 Liv.
1666 1029 1798 1073 XXVI,
1846 1055 1851 1059 .

1044 1082 1101 1121 45,
1123 1081 1143 1112 3
1171 1088 1251 1112 eum
1278 1077 1436 1112 altitudo
1463 1077 1657 1123 ealiqinem
1683 1077 1799 1112 oeulis

1044 1125 1242 1169 offudisset.
1300 1125 1358 1159 Da
1391 1124 1477 1160 Tac.
1514 1124 1799 1159 unzweifeihaft

1046 1174 1147 1208 diese
1175 1172 1292 1208 Stelle
1317 1172 1369 1207 im
1404 1172 1517 1207 Sinne
1549 1171 1691 1217 gehabt
1717 1173 1794 1215 hat,

1046 1221 1100 1256 als
1133 1232 1172 1255 er
1204 1220 1264 1255 die
1296 1231 1371 1256 von
1403 1220 1485 1256 Liv.
1523 1219 1563 1254 in
1601 1219 1700 1255 ihrer
1741 1232 1799 1254 ur-

1046 1267 1314 1314 sprunglichen
1329 1267 1552 1313 Bedeutung
1566 1268 1798 1313 gebrauchte

1045 1316 1340 1361 Redewendung
1366 1315 1423 1350 ins
1448 1315 1664 1362 Figurliche
1690 1315 1798 1350 iiber-

1047 1365 1146 1410 tmg,
1175 1375 1215 1399 so
1243 1364 1389 1399 scheint
1414 1363 1566 1399 Trillers
1591 1363 1798 1408 Anderung

1045 1412 1112 1447 der
1144 1412 1277 1446 Lesart
1315 1412 1379 1446 des
1415 1411 1514 1447 Med.
1547 1412 1802 1447 multitudinis

1045 1460 1348 1506 gerechtfertigt.

1094 1513 1126 1544 8.
1152 1508 1380 1552 militariter]
1418 1507 1493 1553 vgl.
1522 1505 1648 1548 Quint.
1676 1506 1739 1550 XI,
1768 1511 1800 1552 1,

1046 1559 1090 1590 32
1141 1556 1370 1600 simpliciora
1420 1555 1563 1590 militar
1565 1565 1600 1589 es
1652 1534 1800 1597 deee’fnt

1046 1604 1126 1639 Liv.
1154 1603 1217 1648 IV,
1245 1608 1302 1646 41,
1331 1606 1348 1637 1
1376 1603 1548 1638 adversas
1583 1603 1670 1637 haee
1699 1601 1799 1637 Tem-

1040 1652 1153 1697 panii
1172 1652 1291 1686 oratio
1311 1652 1499 1695 incompta
1515 1650 1628 1693 fuisse
1647 1650 1798 1693 dieitur,

1046 1703 1200 1734 ceterum
1225 1699 1439 1734 militariter
1463 1699 1601 1744 yravis,
1626 1708 1701 1733 non
1724 1698 1802 1733 suis

1045 1759 1144 1782 vana
1171 1747 1362 1791 laudibus,
1394 1757 1471 1782 non
1502 1746 1654 1781 crimine
1681 1746 1802 1781 alieno

1047 1796 1154 1830 laeta.

1096 1843 1192 1877 laeta
1212 1842 1336 1876 omnia
1358 1861 1401 1865 —
1422 1840 1575 1887 exeipit]
1606 1841 1662 1875 ‘er
1686 1841 1801 1876 nahm

1048 1889 1269 1925 erfreuliche
1310 1887 1567 1923 Nachrichten
1611 1888 1650 1923 in
1687 1888 1801 1923 Hfille

1047 1938 1125 1972 und
1149 1936 1255 1971 Ffille
1277 1938 1479 1981 entgegen3
1506 1936 1581 1981 vgl.
1603 1937 1631 1980 I,
1652 1939 1696 1971 57
1723 1937 1802 1982 qui-

1049 1987 1116 2021 bus
1136 1985 1350 2030 praeseutia
1375 1994 1419 2019 eoe
1445 1984 1624 2028 affluenti.

1030 2041 1034 2044 ·
1098 2037 1132 2069 9.
1157 2033 1198 2067 id
1217 2032 1356 2078 ipsum]
1378 2031 1438 2066 die
1452 2031 1708 2067 Nachrichten
1728 2042 1802 2067 von

1050 2081 1122 2115 den
1131 2081 1358 2126 Vorgttngen
1371 2078 1410 2114 in
1418 2078 1648 2124 vespasiana
1657 2079 1802 2124 Haupt-

1049 2128 1216 2173 quartier
1242 2140 1286 2162 zu
1313 2127 1594 2163 Caesarea..

1099 2180 1154 2212 11
1182 2176 1248 2210 ubi
1280 2176 1357 2210 illis
1389 2175 1595 2210 consultare
1627 2185 1702 2210 mos
1733 2175 1801 2222 est]

1048 2224 1144 2258 nach
1182 2222 1458 2268 griechischem
1495 2222 1681 2266 Branche3
1709 2234 1804 2267 war

1049 2271 1148 2306 doch
1174 2270 1377 2306 Antiochia.
1409 2269 1491 2305 eine
1524 2280 1598 2305 von
1626 2250 1802 2306 Seleucus

1049 2319 1209 2354 Nicator
1239 2318 1472 2364 gegri'indete
1500 2317 1801 2354 Griechenstadt

1048 2367 1133 2412 Vgl.
1154 2366 1228 2402 Cic.
1256 2379 1292 2411 p.
1313 2365 1435 2401 Flacc.
1461 2369 1481 2408 ξ
1505 2369 1548 2401 16
1578 2364 1803 2401 Graecorum

1047 2419 1142 2450 totae
1152 2425 1209 2450 res
1215 2414 1389 2459 publicae
1399 2413 1556 2448 sedentis
1567 2413 1619 2458 (in
1637 2414 1801 2458 theatro)

1047 2462 1229 2498 contionis
1247 2462 1446 2497 temeritate
1465 2462 1800 2504 administrantur

1047 2511 1142 2555 Nep.
1166 2509 1302 2544 Timol.
1324 2513 1346 2544 4
1365 2509 1530 2544 veniebat
1548 2509 1591 2544 in
1610 2509 1802 2553 theatrum,

1047 2569 1128 2593 eum
1147 2558 1202 2593 ibi
1221 2557 1416 2593 concilium
1435 2557 1571 2602 populi
1588 2557 1803 2602 haberetur,

1046 2606 1181 2641 Front-
1213 2606 1318 2640 strat.
1356 2603 1419 2648 III,
1459 2608 1491 2648 2,
1528 2608 1549 2639 6
1588 2605 1802 2640 Alcibiades

1047 2655 1090 2688 in
1126 2654 1269 2689 theatro
1306 2653 1496 2696 disseruit,
1535 2653 1601 2688 ubi
1631 2664 1675 2687 ex
1705 2663 1803 2688 ‘more

1051 2701 1276 2736 Graecorum
1296 2701 1394 2736 loeus
1413 2701 1678 2736 consultationi
1691 2711 1801 2745 prae-

1047 2750 1210 2785 bebatur.

1097 2801 1151 2832 13.
1179 2800 1257 2831 arte
1295 2796 1455 2841 quadam
1495 2795 1707 2842 ostentator]
1742 2794 1802 2830 fiir

1047 2845 1243 2888 artificiose
1267 2847 1463 2879 ostentator
1484 2842 1574 2878 oder
1593 2843 1802 2879 ostentandi

1046 2893 1184 2936 artifex
1213 2891 1299 2937 (wie
1326 2903 1356 2927 6.
1378 2894 1423 2926 86
1449 2891 1623 2926 serendae
1646 2891 1689 2926 in
1707 2891 1802 2926 alios
