1875 3214
691 91 836 128 LIBER
862 92 889 129 I.
935 91 1040 127 CAP.
1071 96 1100 128 1.
1659 91 1685 132 3

95 206 334 246 obtrectatio
374 211 414 245 et
445 204 546 244 livor
584 205 722 256 pronis
761 203 926 242 auribus
965 205 1240 256 accipiuntur3
1280 205 1428 255 qnippe
1468 202 1686 242 adulationi
1715 212 1758 244 10

95 266 256 306 foedum
290 266 443 305 crimen
476 265 699 316 servitutis,
739 263 976 314 malignitati
1015 263 1110 302 falsa
1151 265 1305 316 species
1339 263 1536 302 libertatis
1569 264 1685 302 inest.

96 325 195 366 mihi
228 325 349 364 Galba
377 324 480 365 Otho
508 324 690 364 Vitellius
723 336 796 363 nec
830 323 1025 363 beneficio
1059 336 1132 362 nec
1166 325 1310 363 iniuria
1345 325 1506 375 cogniti.
1559 323 1685 374 digni-

93 391 217 426 tatem
251 390 428 425 nostram
456 397 477 424 a
498 384 737 437 Vespasiano
764 383 1007 435 inchoatam,
1042 396 1062 422 a
1090 383 1178 422 Tito
1207 389 1381 436 auctam,
1415 396 1435 422 a
1462 383 1685 422 Domitiano

94 445 253 497 longius
285 450 515 497 provectam
549 457 628 483 non
661 444 888 483 abnuerim:
931 443 1000 482 scd
1034 444 1309 495 incorruptam
1343 443 1460 482 fidem
1492 443 1686 495 professis

95 518 225 557 neque
253 517 386 545 amore
414 506 625 557 quisquam
655 509 694 543 et
721 505 807 542 sine
835 503 926 542 odio
954 503 1148 542 dicendus
1176 509 1247 542 cst.
1294 503 1398 555 quod
1428 504 1460 541 si
1488 505 1566 542 vita
1593 515 1685 554 sup·
1716 512 1758 542 15

94 565 265 618 peditet,
304 566 574 617 principatum
614 564 693 603 divi
725 563 877 602 Nervae
917 568 956 602 et
988 564 1203 614 imperium
1237 562 1415 615 Traiani,
1458 562 1687 602 uberiorem

95 626 424 676 securioremque
457 625 684 676 materiam,
723 624 923 662 senectuti
962 624 1142 676 seposui,
1182 635 1271 662 rara
1304 628 1530 674 temporum
1565 623 1688 662 felici-

94 690 194 738 tate,
226 684 296 724 ubi
328 685 498 737 sentire,
531 696 631 736 quae
665 683 781 735 velis,
815 688 854 722 et
887 696 988 734 quac
1023 685 1188 735 sentias,
1222 683 1356 722 (licere
1390 682 1492 722 licet.

95 801 162 836 tim
182 811 264 835 cum
283 800 322 835 hi
341 810 456 835 mores
473 798 683 845 (Zeitgeist)
710 802 855 834 tantum

95 849 172 884 iam
196 849 245 884 ad
264 849 420 883 nimiam
440 848 625 883 lenitatem
650 850 683 882 et
708 847 758 882 acl
778 858 854 881 am-

95 897 268 933 bitionem
286 892 525 931 incubuerint
532 909 544 937 ;
572 895 620 929 ad
641 895 728 930 fam.
752 894 852 938 XIII,

95 948 130 990 5,
159 948 177 980 1
211 955 299 979 nam
331 954 413 980 cum
445 944 553 979 multi
584 955 608 978 a
639 954 693 978 me
725 946 856 987 petant

96 992 234 1036 multa,
261 1002 337 1027 non
362 992 562 1035 committo,
587 994 629 1026 ut
655 991 855 1026 ambitione

94 1051 174 1076 mea
200 1040 409 1076 conturbem
435 1039 600 1084 officium
633 1042 757 1081 tuum‚·
794 1050 850 1083 ep.

97 1092 153 1133 17,
180 1091 201 1122 3
240 1088 450 1133 faciamque
487 1088 549 1131 iol,
593 1087 690 1132 quod
728 1087 855 1122 debent

94 1137 216 1179 facere
240 1136 282 1179 ii,
309 1137 374 1181 qui
398 1136 566 1181 reliyiose
585 1139 618 1170 et
636 1136 716 1170 sine
740 1135 854 1169 ambi-

94 1184 193 1220 tione
206 1183 337 1228 (‘ohne
352 1183 560 1229 Ansehung
579 1183 645 1218 der
659 1182 853 1227 Person’);

94 1243 131 1278 p.
161 1231 254 1267 Sest.
283 1235 303 1274 ξ
333 1235 376 1267 10
413 1242 490 1268 non
528 1231 640 1267 recito
673 1232 855 1266 decretam

95 1280 219 1324 officio
252 1280 377 1324 aliquo
409 1290 619 1325 expressum
648 1279 856 1314 vicinitatis

96 1331 163 1364 aut
195 1328 383 1363 clientelae
418 1331 484 1363 aut
514 1328 666 1372 hospitii
697 1327 855 1371 publici,

97 1379 165 1411 aut
191 1376 405 1411 ambitionis
440 1379 506 1411 aut
532 1375 857 1411 commendationis

95 1424 232 1470 qratia.
288 1423 337 1459 So
371 1423 474 1459 steht
499 1424 651 1459 ambitio
679 1423 740 1458 bei
768 1423 855 1457 Tac.

97 1472 195 1507 auch
228 1472 271 1507 A.
305 1472 386 1516 XV,
415 1475 459 1506 21
499 1473 611 1506 vetita
646 1471 857 1516 oratiarum

97 1521 241 1556 actione
291 1520 443 1555 ambitio
495 1518 854 1564 (‘Liebedienerei')

96 1568 343 1610 cohibebitur;
369 1567 415 1610 ΙΙ,
431 1570 476 1603 38
491 1568 693 1609 aerarium,
713 1567 810 1612 quod
824 1567 858 1601 si

96 1616 295 1651 ambitione
322 1614 619 1660 (‘pers6nlichen
646 1614 856 1650 Riicksich-

95 1665 161 1699 ten
193 1675 237 1697 zu
269 1662 416 1706 Liebe')
458 1663 753 1707 exhauserimus,
788 1673 857 1707 per

96 1711 232 1746 scelera
251 1711 498 1756 supplendum
517 1711 607 1753 erit5
633 1710 696 1754 IV,
713 1714 758 1745 64
777 1711 856 1745 sine

96 1759 315 1802 ambitione,·
349 1757 394 1795 H.
421 1757 484 1802 ΙΙΙ,
510 1762 555 1793 55
581 1759 714 1794 multos
740 1759 854 1793 ambi-

95 1807 211 1849 tione,
251 1807 380 1852 plures
422 1807 624 1850 formidine
668 1807 856 1847 trahebat,-

94 1854 159 1900 IV,
187 1857 231 1890 68
267 1855 516 1890 adsumuntur
548 1865 566 1889 e
598 1854 746 1890 civitate
782 1854 854 1889 cla-

95 1903 266 1938 rissimus
288 1903 440 1948 quisque
459 1906 492 1938 et
511 1902 581 1937 alii
598 1913 667 1947 per
687 1903 855 1938 ambitio-

95 1961 196 1993 nem;
224 1950 311 1996 Agr.
341 1954 360 1985 1
387 1951 466 1986 sine
491 1951 618 1996 qratia
644 1954 711 1986 aut
737 1951 851 1986 ambi-

95 1999 204 2034 tione.

146 2046 341 2093 averseris]
371 2045 442 2081 Die
467 2049 500 2081 2.
528 2047 630 2082 Pers.
658 2045 759 2091 Sing.
789 2046 854 2080 des

95 2094 206 2140 Konj.
234 2093 335 2130 Pras.
363 2094 468 2129 steht,
498 2106 563 2129 zur
589 2093 855 2139 Bezeiohnung

97 2141 200 2177 eines
232 2141 545 2186 unbestimmten,
585 2141 683 2177 bloss
716 2141 755 2177 in
789 2142 856 2177 der

96 2189 344 2235 Vorstellung
363 2189 629 2225 vorhandenen
651 2189 854 2235 Subjektes

96 2237 261 2282 (‘man').
294 2237 379 2282 Vgl.
407 2237 442 2272 Z.
473 2240 528 2273 18.
556 2237 619 2281 IV,
647 2241 704 2281 64,
728 2242 782 2272 12.
810 2238 855 2282 V,

97 2289 130 2330 6,
146 2289 177 2322 7.
192 2288 249 2320 20.
273 2284 318 2321 A.
333 2284 360 2330 I,
375 2289 432 2320 28.
455 2284 497 2320 G.
515 2289 570 2320 14.
599 2285 721 2320 Madv.
738 2289 757 2328 ξ
773 2289 856 2321 370.

95 2332 282 2378 Heraeus,
315 2334 383 2369 lat.
417 2332 589 2378 Schulgr.
617 2336 637 2375 ξ
666 2336 752 2377 176,
780 2336 801 2368 5
822 2345 854 2369 a.

96 2385 115 2425 ξ
138 2384 218 2426 180,
242 2385 260 2416 1
282 2382 392 2416 Α11111.

146 2433 202 2464 10.
219 2429 313 2465 livor
329 2428 606 2465 ‘Scheelsucht’
621 2428 692 2464 wie
707 2430 795 2474 Agr.
808 2433 851 2464 41

97 2477 330 2524 malionitate
345 2480 378 2513 et
391 2478 503 2513 livore
509 2490 522 2520 ;
548 2476 645 2511 Plin.
661 2487 747 2522 pan.
764 2480 819 2521 58,
832 2481 852 2512 5

98 2525 193 2561 livor
225 2528 259 2560 et
289 2526 524 2571 maliynitas;
564 2524 665 2561 Suet.
702 2524 779 2560 Cal.
808 2529 853 2559 34

97 2573 192 2609 livor
221 2584 265 2609 ac
290 2574 523 2619 malionitas‚·
556 2572 599 2608 D.
627 2573 765 2607 Brutus
792 2572 854 2608 bei

98 2619 172 2656 Cic.
200 2621 249 2656 ad.
274 2619 363 2658 fam.
388 2620 452 2664 XI,
475 2624 530 2664 10,
554 2625 571 2655 1
599 2621 855 2656 malevolentia

97 2671 131 2704 et
156 2669 278 2705 livore.
313 2669 494 2714 Dagegen
521 2667 595 2704 Cic.
617 2668 721 2704 Brut.
744 2672 763 2711 ξ
786 2672 853 2703 156

97 2717 356 2752 obtrectatione
381 2720 414 2752 et
438 2717 595 2752 invidia.
636 2717 721 2761 Vgl.
746 2717 854 2752 livere

100 2764 144 2799 A.
172 2763 271 2809 XIII,
291 2768 349 2801 42.
376 2764 473 2800 Dial.
495 2769 553 2801 25.

139 2813 275 2857 pronis
301 2813 457 2848 auribus
482 2813 737 2858 accipiuntur]
774 2812 854 2847 ‘fin-

97 2859 172 2896 den
185 2859 348 2906 williges
363 2860 522 2904 Gehor'3
544 2861 682 2896 ebenso
704 2871 734 2895 c.
749 2863 806 2904 54,
821 2864 854 2896 4.

145 2908 282 2953 quippe
310 2908 365 2954 ‘ja
389 2908 517 2945 doch’.

982 804 1035 835 11.
1073 800 1211 834 crimen
1244 798 1283 833 in
1320 799 1385 834 der
1417 798 1687 834 Grundbedeu-

928 849 1024 892 tung
1086 847 1434 892 ‘Ansehuldigung,
1495 846 1686 892 Anklage-

929 896 1067 940 punkt,
1102 895 1311 938 Vorwurf’3
1354 895 1492 930 ebenso
1532 906 1562 929 c.
1595 899 1626 939 7,
1654 898 1685 929 8.

929 947 961 988 8,
993 947 1034 978 15
1062 956 1095 979 u.
1126 947 1158 978 ὃ.

978 992 1088 1037 inest]
1120 991 1259 1025 ‘haftet
1287 990 1363 1027 an’.

981 1044 1033 1074 12.
1050 1040 1218 1085 (liqnitas
1234 1039 1466 1073 ‘ehrenvolle
1482 1038 1686 1083 Stellung’,

930 1086 1165 1132 spezielludie
1186 1085 1394 1131 Ethebung
1414 1086 1453 1120 in
1474 1087 1545 1121 den
1560 1087 1686 1121 Amts-

930 1135 1026 1170 adel.
1080 1134 1266 1180 Ubrigens
1301 1135 1480 1170 beziehen
1514 1134 1593 1169 sich
1626 1134 1686 1169 die

930 1183 1063 1218 Wor‘te
1089 1195 1112 1218 a
1140 1183 1366 1227 Vespasiano
1389 1183 1597 1218 inchoatam
1625 1182 1690 1217 auf

930 1231 990 1265 die
1013 1230 1068 1273 Qu
1072 1233 1187 1274 astur,
1216 1243 1239 1266 a
1261 1231 1345 1265 Clito
1365 1234 1512 1265 (eiectam
1537 1230 1605 1265 auf
1627 1230 1687 1265 die

929 1270 1094 1314 Adnitar
1122 1279 1211 1314 oder
1238 1279 1304 1313 das
1331 1278 1533 1323 Tribuni-tt,
1561 1291 1584 1314 a
1610 1278 1687 1313 Do-

930 1328 1086 1362 mitiano
1120 1328 1197 1362 lon
1183 1338 1266 1372 stus
1287 1330 1498 1371 provectam
1531 1327 1599 1362 auf
1627 1326 1687 1361 die

932 1375 1077 1410 Pr‘i'ttui.

983 1427 1036 1458 14.
1052 1423 1263 1468 abnuerim]
1282 1423 1460 1467 Heraeus,
1476 1423 1540 1458 lat.
1555 1421 1686 1457 Schul-

932 1471 1161 1516 grammatik
1181 1475 1200 1513 ξ
1225 1474 1303 1515 176,
1325 1474 1345 1504 5
1361 1470 1396 1505 b.

983 1522 1037 1554 15.
1064 1530 1178 1564 neque
1203 1530 1324 1554 amore
1343 1520 1539 1563 quisquam
1559 1522 1592 1554 et
1611 1520 1688 1554 sine

932 1567 1015 1602 oclio
1042 1568 1218 1602 dicendus
1245 1568 1308 1611 est]
1342 1566 1544 1601 Einfaeher
1574 1566 1688 1602 heisst:

932 1626 971 1650 es
998 1616 1041 1650 A.
1069 1615 1097 1658 Ι,
1127 1620 1143 1649 1
1173 1615 1251 1650 sine
1278 1616 1337 1649 ira
1364 1618 1396 1649 ct
1421 1616 1555 1650 studio.
1595 1615 1688 1649 Aut·-

931 1662 1074 1698 fallend
1108 1663 1160 1697 ist
1192 1664 1258 1698 der
1285 1663 1483 1698 Gebrauch
1512 1663 1576 1697 des
1603 1663 1688 1698 Abl.

931 1722 1029 1746 caus
1052 1722 1173 1747 amore
1195 1711 1295 1756 (aus
1312 1711 1460 1755 Liebe')
1488 1711 1582 1745 statt
1607 1722 1688 1746 cum

930 1769 1070 1802 amore,
1105 1759 1175 1794 wie
1209 1770 1296 1794 man
1329 1770 1462 1804 wegen
1494 1760 1573 1794 sine
1604 1760 1688 1794 oclio

930 1787 1141 1842 erwart’ete.
1195 1806 1334 1842 Schuld
1374 1807 1490 1842 daran
1529 1808 1580 1842 ist
1621 1807 1687 1842 des

930 1855 1068 1889 Autors
1096 1854 1323 1901 Abneigung
1351 1866 1472 1900 gegen
1499 1855 1559 1890 die
1586 1855 1687 1890 Kon-

931 1902 1103 1939 01111111Ξ111.
1162 1902 1348 1947 Ubrigens
1392 1903 1444 1938 ist
1489 1914 1556 1938 aus
1601 1904 1686 1938 dem

930 1950 1134 1996 negativen
1174 1950 1388 1996 Satzgliede
1434 1962 1545 1996 neque
1589 1952 1687 1996 quis-

929 2010 1040 2044 quam
1091 1998 1149 2033 fiir
1193 1979 1284 2034 dage>
1305 1999 1531 2034 affirmative
1577 1999 1688 2034 Glied

929 2048 1081 2092 quisque
1101 2059 1147 2082 zu
1168 2047 1407 2089 entuehmen,
1430 2048 1499 2082 wie
1520 2047 1565 2081 H.
1581 2046 1623 2082 ΙΙ.
1643 2051 1686 2082 52

928 2106 1032 2130 nemo
1076 2096 1260 2139 privatim
1308 2096 1476 2140 eoepedito
1521 2096 1687 2139 consilio,

928 2144 1026 2178 inter
1052 2144 1186 2178 multos
1210 2143 1378 2179 socictate
1405 2144 1533 2188 culpae
1552 2143 1688 2185 tutior,-

929 2191 1017 2226 Hor.
1047 2192 1116 2226 sat.
1144 2190 1171 2234 Ι,
1201 2195 1232 2234 1,
1262 2195 1278 2225 1
1301 2191 1378 2236 fgg.
1431 2190 1532 2226 Uber
1569 2191 1689 2226 dicere

934 2238 1173 2283 ‘den-stenen,
1203 2238 1405 2273 schildern'
1436 2239 1511 2284 vgl.
1539 2240 1582 2273 A.
1611 2238 1638 2282 I,
1668 2244 1685 2273 1

931 2287 1155 2331 temporibus
1180 2287 1345 2331 Auyusti
1371 2287 1556 2329 dicendis;
1589 2287 1686 2322 Vell.

930 2334 976 2377 ΙΙ,
994 2338 1037 2370 18
1063 2345 1185 2380 neque
1195 2335 1359 2370 silendus
1378 2346 1492 2379 neque
1511 2335 1688 2370 dicendus

929 2383 1008 2417 sine
1028 2393 1128 2417 cura.
1161 2381 1325 2417 Ahnlich
1341 2384 1454 2418 sehon
1476 2383 1536 2418 bei
1551 2383 1685 2418 HoraZ.

929 2429 1016 2475 Vgl.
1043 2429 1140 2465 noch
1160 2430 1256 2475 Nep.
1277 2430 1398 2465 Hann.
1423 2435 1478 2473 13,
1497 2435 1520 2465 4
1546 2434 1688 2475 tempas

929 2481 979 2512 est
1001 2505 1007 2512 .
1030 2504 1037 2511 .
1060 2505 1066 2511 .
1090 2477 1344 2513 Romanorum
1364 2480 1549 2523 explicare
1576 2480 1686 2523 impe-

927 2528 1078 2561 ratores.
1107 2526 1142 2561 S.
1157 2526 1377 2571 Nipperdey
1392 2539 1435 2561 zu
1449 2526 1543 2572 Nep.
1556 2526 1685 2563 Them.

932 2577 962 2618 1,
984 2576 1017 2608 2.

979 2624 1033 2655 16.
1074 2622 1153 2657 clivi
1185 2622 1345 2669 Nervae]
1384 2622 1454 2658 Die
1495 2622 1687 2658 Historien

929 2668 1012 2704 sind
1039 2669 1225 2705 demnach
1247 2670 1452 2715 jedenfalls
1476 2672 1573 2705 nach
1594 2671 1684 2705 Ner-

929 2727 995 2752 vas
1009 2716 1113 2753 Tode
1129 2719 1199 2763 (27.
1212 2718 1295 2755 Jan.
1311 2722 1356 2754 98
1371 2731 1406 2754 n.
1418 2718 1516 2764 Chr.)
1532 2719 1683 2754 hei-aus

929 2766 1117 2810 gegeben,
1146 2765 1462 2802 wahrscheinlich
1483 2767 1581 2801 nach
1605 2770 1683 2802 107.

979 2817 1034 2849 17.
1070 2815 1288 2850 securiorem
1320 2814 1527 2860 materiam]
1561 2826 1610 2849 sc.
1637 2815 1686 2849 ab

928 2859 1074 2897 invidia
1088 2861 1291 2897 offensione
1306 2862 1549 2916 malignaque
1571 2862 1686 2898 inter-

929 2910 1155 2955 pretatione,
1180 2909 1304 2945 ‘einen
1319 2910 1485 2956 weniger
1498 2910 1685 2954 heikelen,

1353 2971 1397 3004 1*
