1875 3214
576 141 721 177 LIBER
746 143 790 177 Π.
836 143 938 179 CAP.
968 148 1119 180 65—66.
1551 145 1635 187 207

19 291 23 294 .
62 260 146 296 tum
173 266 289 293 suum
309 253 490 293 Vitellius
516 253 683 293 iuberet.
729 252 890 292 Cluvius
917 256 1122 294 comitatui
1145 257 1338 307 principis
1360 257 1536 296 adiectus
1558 269 1635 296 non

63 314 242 365 adempta
269 312 472 365 Hispania,
508 325 624 364 quam
657 314 760 351 rexit
792 312 935 351 absens
963 314 1143 365 exemplo
1170 314 1212 354 L.
1232 316 1408 355 Arrunti.
1454 328 1545 355 eum
1571 316 1634 355 Ti·
1662 328 1705 359 10

59 373 195 413 berius
217 372 360 412 Caesar
387 372 436 411 ob
462 379 625 424 metum,
646 371 826 411 Vitellius
848 371 1028 411 Cluvium
1055 373 1161 412 nulla
1187 374 1398 414 formidine
1426 375 1632 414 retinebat.

61 444 141 472 non
159 432 264 471 idem
280 431 476 470 Trebellio
491 432 658 470 Maximo
679 431 823 470 honos:
843 431 1075 482 profugerat
1095 432 1299 472 Britannia
1320 434 1368 473 ob
1390 435 1634 474 iracundiam

60 491 248 544 militum3
279 492 427 530 missus
460 497 520 530 est
552 493 592 530 in
625 491 755 529 locum
790 492 876 529 eius
903 490 1056 530 Vettius
1087 491 1258 531 Bolanus
1291 506 1310 531 e
1344 494 1633 544 praesentibus.

177 550 356 602 Angebat
400 549 600 589 Vitellium
645 551 838 589 victarum
882 549 1083 601 legionum
1134 551 1445 603 haudquaquam
1485 554 1633 592 fractus
1649 554 1705 595 66

61 612 227 650 animus.
273 621 433 661 sparsae
465 622 538 661 per
564 609 713 649 Italian]
742 615 781 648 et
808 609 1026 649 victoribus
1058 612 1276 661 permixtae
1311 612 1466 650 hostilia
1500 612 1633 663 loque-

59 669 204 708 bantur
247 670 460 721 praecipua
505 668 957 720 quartadecumanorum
1003 670 1168 722 ferocia,
1213 672 1281 721 qui
1324 683 1364 709 se
1407 672 1531 710 victos
1571 671 1634 710 ab·

58 728 250 768 nuebant:
295 729 441 780 quippe
480 728 737 767 Bedriacensi
782 730 864 767 acie
909 728 1122 767 vexillariis
1167 735 1320 768 tantum
1360 730 1485 780 pulsis
1531 732 1634 769 vires

57 787 225 839 legionis
263 800 344 826 non
381 787 567 827 adfuisse.
631 789 779 826 remitti
813 800 880 826 eos
912 789 953 826 in
986 787 1249 841 Britanniam,
1287 789 1393 828 unde
1426 802 1445 828 a
1478 789 1633 828 Nerone
1661 801 1680 833 5

58 849 178 887 exciti
210 853 339 899 erant,
371 846 522 898 placuit
548 852 666 898 atque
699 848 859 885 interim
886 846 1123 886 Batavorum
1154 848 1338 887 cohortes
1364 861 1441 887 una
1469 849 1634 888 tendere

58 906 108 946 ob
134 912 310 946 veterem
343 906 532 945 adversus
566 906 948 958 quartadecumanos
981 906 1232 947 discordiam.
1278 920 1350 946 nec
1384 908 1452 947 diu
1485 910 1525 946 in
1552 914 1634 947 tan-

57 968 109 1006 tis
148 972 390 1005 armatorum
430 965 531 1004 odiis
576 967 689 1017 quies
734 965 826 1005 fuit:
871 967 1070 1017 Augustae
1110 966 1374 1006 Taurinorum
1415 967 1507 1006 dum
1551 968 1633 1018 opi·

56 1025 173 1065 ficem
199 1025 409 1077 ‘quendam
442 1025 610 1064 Batavus
651 1030 693 1063 ut
726 1025 994 1064 fraudatorem
1033 1027 1271 1077 insectatur,
1310 1027 1550 1078 legionarius
1590 1032 1634 1066 ut

56 1084 255 1137 hospitem
288 1090 440 1136 tuetur,
480 1085 543 1124 sui
575 1086 719 1135 cuique
754 1084 1043 1123 commilitones
1076 1085 1278 1137 adgregati
1310 1098 1330 1124 a
1363 1087 1552 1125 conviciis
1585 1086 1632 1125 ad
1662 1098 1705 1129 10

57 1144 219 1184 caedem
245 1145 452 1183 transiere.
507 1149 546 1183 et
578 1143 774 1195 proelium
808 1149 919 1183 atrox
953 1146 1184 1196 exarsisset,
1218 1146 1259 1183 ni
1286 1145 1385 1184 duae
1412 1147 1633 1197 praetoriae

58 1203 245 1243 cohortes
284 1215 443 1243 causam
485 1204 938 1255 quartadecumanorum
977 1210 1137 1243 secutae
1170 1204 1232 1243 his
1265 1205 1449 1243 fiduciam
1483 1211 1521 1244 et
1552 1217 1632 1244 me-

54 1268 140 1302 tum
177 1262 334 1302 Batavis
372 1263 573 1302 fecissent.
637 1275 736 1314 quos
772 1262 952 1302 Vitellius
991 1265 1137 1314 agmini
1177 1276 1248 1302 suo
1288 1265 1399 1315 iungi
1438 1269 1482 1303 ut
1521 1264 1632 1317 fidos,

53 1322 250 1373 legionem
283 1322 396 1361 Grais
427 1321 593 1374 Alpibus
631 1323 854 1361 traductam
887 1335 932 1361 eo
966 1322 1071 1361 flexu
1104 1324 1260 1362 itineris
1292 1325 1350 1362 ire
1384 1323 1511 1375 iubet,
1554 1336 1631 1375 quo

103 1458 158 1489 10.
186 1454 231 1490 L.
257 1454 438 1500 Arrunti]
478 1454 677 1488 Arruntius
703 1454 807 1489 hatte

54 1500 112 1536 als
132 1502 271 1547 leyatus
291 1502 455 1547 Auyusti
471 1512 540 1546 pro
559 1505 728 1545 praetoie
747 1501 807 1536 die

52 1548 212 1584 Provinz
227 1548 414 1594 Hispania
428 1549 717 1584 Tarraconensis
738 1549 808 1583 seit

55 1596 139 1632 dem
166 1596 272 1632 Tode
298 1597 363 1631 des
390 1596 431 1632 L.
452 1596 540 1631 Piso
568 1598 628 1641 (25
649 1609 683 1631 n.
706 1595 803 1641 Chr.)

50 1655 124 1679 von
149 1644 246 1680 Rom
273 1655 338 1679 aus
364 1644 482 1678 durch
509 1643 610 1678 seine
637 1644 805 1688 Legaten

50 1691 251 1726 verwaltet
277 1693 333 1735 (A.
347 1690 410 1735 VI,
427 1695 482 1727 27.
512 1691 611 1726 Suet.
634 1691 715 1727 Tib.
734 1693 804 1735 63).

101 1743 157 1774 11.
209 1740 252 1775 ob
295 1739 441 1785 metum]
489 1738 588 1774 Suet.
636 1738 717 1773 Tib.
760 1742 802 1773 63

50 1798 166 1822 wnum
191 1790 225 1822 et
250 1787 406 1822 alterum
431 1787 640 1822 consulares
672 1786 804 1821 oblatis

45 1835 256 1879 provinciis
280 1845 356 1869 non
382 1845 496 1869 ausus
521 1846 545 1868 a
570 1845 606 1869 se
625 1834 805 1868 dimittere

51 1892 165 1927 usque
191 1892 230 1916 eo
255 1882 425 1925 detinuit,
451 1882 564 1916 donec
588 1892 805 1917 successores

43 1932 130 1974 post
141 1930 282 1974 aliquot
293 1940 410 1965 annos
418 1929 677 1974 praesentibus
688 1929 802 1972 daret,

50 1987 130 2012 cum
162 1977 311 2012 interim
341 1980 508 2011 manente
545 1977 663 2020 officii
696 1977 804 2011 titulo

49 2025 157 2060 etiam
171 2025 349 2071 deleyaret
357 2025 525 2068 plurima
538 2025 696 2067 assidue,
711 2035 803 2068 quae

47 2072 107 2107 illi
127 2083 197 2116 per
223 2072 358 2117 legatos
377 2075 411 2106 et
430 2072 616 2106 adiutores
639 2082 722 2106 suos
743 2083 802 2106 ex-

0 2116 1 2121 *
51 2119 235 2165 sequenda
259 2122 443 2154 curarent.

98 2171 155 2203 12.
185 2166 379 2213 Trebellio]
407 2178 434 2200 e.
462 2178 508 2200 zu
533 2166 646 2209 Leo,
676 2170 705 2200 1.

0 2248 2 2264 ‚
89 2215 312 2260 profuyerat
336 2213 561 2260 Britannia]
616 2195 691 2247 D’er
718 2213 802 2247 Abl.

0 2265 1 2290 ἶ
45 2261 148 2297 beim
174 2262 473 2303 Landesnamen,
501 2262 571 2295 wie
592 2260 636 2305 V,
652 2264 672 2294 2
698 2259 804 2295 Creta

45 2310 173 2345 insula
202 2310 345 2356 profuq
346 2321 401 2353 us,
439 2309 542 2344 steht
577 2309 674 2342 nach
705 2308 803 2341 Ana-

44 2356 147 2402 logie
174 2368 249 2392 von
275 2321 432 2400 Stellen,
463 2355 534 2391 wie
561 2355 623 2398 ΙΠ,
651 2359 694 2390 56
716 2365 803 2399 pro-

44 2405 112 2450 fuq
114 2415 158 2440 us
191 2405 395 2448 altaribus,
429 2403 491 2447 IV,
524 2407 569 2438 49
601 2404 690 2438 urbe
718 2414 804 2447 pro-

43 2452 170 2498 fuyus.
226 2451 262 2488 S
288 2451 506 2497 Nipperdey
533 2463 577 2485 zu
603 2450 645 2484 A.
673 2449 720 2493 ΙΙ,
718 2415 803 2486 Ρ68.

94 2509 149 2541 13.
202 2505 277 2540 Des
308 2504 449 2540 Vettius
481 2504 654 2539 Bolanus
686 2502 803 2538 Statt-

45 2550 300 2588 halterschaft
335 2551 490 2586 dauerte
527 2562 600 2586 von
638 2554 802 2594 69—71,

46 2610 105 2636 wo
132 2611 171 2635 er
206 2599 326 2634 durch
357 2598 517 2634 Petilius
555 2598 710 2633 Cerialis
738 2598 801 2632 ab·

43 2647 170 2692 gelost
214 2647 357 2690 wurde;
402 2647 481 2692 vgl.
516 2645 604 2691 Agr.
649 2649 690 2680 16
737 2656 802 2680 nec

52 2693 195 2730 Vettius
221 2695 391 2730 Bolanus
423 2694 656 2729 manentibus
683 2694 802 2727 adhuc

46 2743 218 2778 civilibus
245 2743 348 2778 bellis
373 2742 531 2787 ayitavit
557 2741 802 2776 Britanniam

45 2789 260 2835 disciplina.
287 2791 409 2825 eadem
426 2790 562 2824 inertia
577 2800 664 2833 erga
676 2789 802 2830 hostes,

45 2837 179 2872 similis
211 2838 426 2882 petulantia
462 2840 683 2878 castrorum,
729 2836 804 2869 nisi

45 2885 144 2930 quod
187 2886 362 2920 innocens
406 2885 576 2919 Bolanus
614 2887 645 2918 et
687 2883 804 2917 nullis

48 2931 194 2968 delictis
218 2933 362 2968 invisus
387 2933 575 2967 caritatem
603 2933 804 2976 paraverat

882 1454 957 1488 loco
972 1455 1216 1490 auctoritatis.
1237 1455 1383 1490 Zuletz‘c
1391 1466 1468 1490 war
1477 1467 1515 1490 er
1524 1457 1633 1490 anter

882 1501 1091 1546 Vespasian
1117 1501 1323 1537 Prokonsul
1352 1514 1425 1537 von
1451 1504 1574 1538 Asien.

928 1560 944 1583 e
965 1550 1236 1596 praesentibus]
1274 1550 1353 1584 ‘aus
1387 1550 1452 1584 der
1483 1554 1632 1594 person-

880 1596 1005 1631 lichen
1038 1597 1280 1642 Umgebung,
1319 1597 1388 1632 wie
1428 1597 1517 1632 Sall.
1552 1597 1630 1643 Iug.

881 1648 936 1687 93,
966 1648 997 1679 7.
1048 1644 1133 1689 Vgl.
1160 1644 1188 1689 Ι,
1218 1649 1260 1679 13
1293 1646 1387 1680 inter
1411 1649 1630 1690 praesentes.

926 1738 989 1773 66.
1017 1742 1049 1773 3.
1065 1740 1202 1782 ferocia
1221 1739 1303 1774 hier
1320 1739 1631 1785 ‘Unbandigkeiu

877 1786 1154 1831 ungebardiges
1181 1787 1359 1829 KVesen'3
1396 1788 1472 1832 vgl.
1516 1800 1546 1822 c.
1586 1791 1631 1822 45

877 1835 940 1878 qui
965 1834 1159 1876 ferociores
1185 1835 1356 1879 fuerant,·
1393 1834 1462 1877 111,
1491 1838 1533 1869 31
1565 1846 1631 1879 po-

877 1882 951 1915 sita
977 1883 1076 1915 omni
1101 1882 1239 1924 ferocia
1259 1886 1391 1917 cuncta
1410 1883 1498 1917 victi
1511 1884 1630 1927 patie-

879 1929 1035 1972 bantur,·
1060 1928 1121 1972 IV,
1151 1933 1207 1971 64,
1234 1933 1265 1965 2.
1295 1933 1350 1974 68,
1373 1933 1426 1964 16.
1461 1930 1503 1964 A.
1526 1929 1552 1973 1,
1573 1933 1629 1965 45.

877 1975 962 2020 Vgl.
990 1989 1035 2010 zu
1060 1977 1105 2011 H.
1133 1975 1159 2020 I,
1188 1981 1243 2019 79,
1270 1981 1301 2011 4.

924 2027 956 2058 4.
995 2024 1219 2070 vexillariis]
1260 2025 1311 2058 im
1352 2023 1561 2068 Gegensatz
1586 2037 1631 2059 zu

875 2071 970 2105 vires
998 2071 1080 2105 ‘das
1108 2070 1235 2113 Gros'3
1262 2083 1288 2106 s.
1316 2083 1359 2106 zu
1387 2083 1416 2106 c.
1445 2073 1504 2115 43,
1532 2076 1564 2106 9.

926 2121 957 2153 ὃ.
986 2130 1009 2152 α
1031 2118 1179 2153 Nerone
1204 2119 1329 2165 exciti]
1359 2131 1385 2153 s.
1413 2132 1455 2153 zu
1477 2130 1505 2154 c.
1522 2123 1579 2162 27,
1595 2123 1628 2153 8.

877 2165 1023 2209 Wegen
1058 2166 1123 2200 der
1154 2166 1427 2211 Einschaltung
1460 2179 1486 2201 s.
1523 2178 1567 2201 zu
1600 2178 1629 2202 c.

927 2265 957 2295 6.
985 2261 1146 2307 tendere]
1187 2260 1246 2294 fiir
1283 2262 1442 2296 tentoria
1474 2262 1627 2306 tendere,

880 2307 1145 2359 ‘kampieren',
1173 2321 1197 2343 s.
1225 2321 1269 2342 zu
1294 2308 1322 2351 Ι,
1350 2312 1405 2351 31,
1435 2313 1465 2343 5.

928 2364 957 2394 7.
984 2360 1084 2394 Uber
1115 2361 1216 2395 diese
1252 2362 1353 2396 alten
1379 2361 1528 2397 H'andel
1553 2361 1628 2406 vgl.

877 2408 904 2451 Ι,
933 2411 989 2442 59.
1017 2412 1073 2442 64.
1100 2409 1146 2451 ΙΙ,
1173 2412 1229 2443 27.

927 2458 958 2489 8.
985 2455 1157 2500 Auyusta
1175 2456 1437 2498 Taurinorum,
1454 2456 1482 2501 j.
1498 2456 1627 2493 Turin.

877 2501 952 2536 Der
980 2502 1047 2537 Ort
1073 2502 1167 2537 hiess
1200 2515 1267 2538 vor
1298 2504 1364 2538 der
1396 2504 1433 2538 in
1467 2504 1526 2539 die
1558 2504 1628 2539 Re-

878 2551 1131 2595 gierungszeit
1169 2550 1232 2586 des
1268 2552 1458 2596 Augustus
1496 2551 1628 2586 fallen-

878 2598 950 2631 den
989 2597 1195 2643 Grfindung
1232 2598 1297 2633 der
1332 2599 1627 2634 Militarkolonie

875 2644 1067 2679 Taurasia.

924 2696 979 2726 10
1012 2693 1138 2737 hospes
1175 2692 1522 2738 ‘Quartiergeber'‚
1555 2693 1626 2727 wie

927 2790 980 2822 14.
1013 2785 1126 2823 Grais
1157 2788 1333 2834 Alpibus]
1380 2787 1452 2822 Der
1476 2787 1575 2822 Mars
1580 2788 1626 2822 ch

877 2834 967 2879 ging
1006 2835 1186 2870 zuniichst,
1224 2837 1315 2869 iiber
1358 2834 1546 2879 Eporedia
1585 2834 1625 2879 (j.

875 2881 998 2926 Ivrea)
1031 2884 1128 2917 nach
1160 2883 1329 2927 Augusta
1359 2881 1553 2916 Piaetoria
1584 2883 1620 2926 (j.

874 2929 1007 2974 Aosta.)
1044 2930 1120 2965 und
1152 2942 1225 2965 von
1258 2930 1305 2965 da.
1336 2929 1387 2964 im
1414 2928 1625 2965 Hochthale
