1875 3214
565 125 711 160 LIBER
737 123 782 160 II.
827 124 928 159 CAP.
956 127 1108 158 43-45,

1548 120 1633 163 185

61 239 230 291 quisque
267 236 460 288 flagitium
493 236 578 275 aliis
611 235 867 274 obiectantes.
919 235 1119 273 Titianum
1151 241 1191 273 et
1223 233 1381 273 Celsum
1414 245 1490 272 nox
1523 233 1633 285 iuvit,
1663 242 1707 274 10

60 297 263 348 dispositis
295 297 371 335 iam
405 295 583 335 excubiis
616 295 923 346 conpressisque
956 293 1163 345 militibus,
1196 305 1296 345 quos
1322 293 1474 331 Annius
1502 291 1635 330 Gallus

61 356 225 396 consilio
271 354 459 407 precibus
503 357 739 394 auctoritate
783 353 965 404 flexerat,
1012 365 1060 391 ne
1100 365 1220 403 super
1259 352 1408 391 cladem
1448 352 1635 390 adversae

60 427 216 468 pugnae
242 416 411 454 suismet
435 415 511 465 ipsi
539 414 727 453 caedibus
755 413 971 451 saevirent:
999 413 1079 450 sive
1106 413 1196 450 finis
1223 411 1325 450 bello
1353 412 1539 462 venisset,
1565 423 1636 450 seu

61 486 267 514 resumere
311 485 419 512 arma
460 473 640 525 mallent,
684 473 850 512 unicum
889 473 1003 510 victis
1041 472 1081 509 in
1122 483 1318 509 consensu
1358 470 1636 509 levamentum.

63 534 206 574 ceteris
238 533 390 572 fractus
422 534 595 572 animus:
627 533 905 584 praetorianus
937 530 1050 569 miles
1083 542 1162 568 non
1189 532 1337 568 virtute
1365 542 1418 581 se,
1451 529 1519 568 sed
1546 541 1635 580 pro-

62 593 210 632 ditione
249 594 397 632 victum
437 591 648 631 fremebat:
687 604 737 630 ne
771 589 990 629 Vitellianis
1031 589 1190 640 quidem
1230 590 1479 628 incruentam
1513 589 1637 627 fuisse

61 652 268 692 victoriam
305 651 419 703 pulso
458 653 611 703 equite,
650 657 761 702 rapta
794 649 961 700 legionis
994 648 1141 700 aquila;
1183 660 1394 699 superesse
1429 660 1517 686 cum
1552 649 1637 699 ipso

63 710 230 759 Othone,
262 711 432 750 militum
460 711 564 762 quod
592 717 701 749 trans
727 709 878 748 Padum
905 709 1036 760 fuerit,
1069 709 1204 747 venire
1232 707 1424 746 Moesicas
1450 706 1639 759 legiones,

61 782 243 821 magnam
282 771 482 809 exercitus
514 776 667 821 partem
699 769 882 807 Bedriaci
915 769 1165 806 remansisse.
1216 767 1288 806 hos
1321 772 1429 805 certe
1463 766 1638 805 nondum

62 831 205 882 victos3
238 834 278 868 et
310 830 344 868 si
374 830 429 868 ita
461 829 596 882 ferret,
627 829 836 868 honestius
862 829 902 866 in
930 829 1012 866 acie
1040 829 1251 878 perituros.
1302 826 1364 864 his
1391 827 1637 876 cogitationi·
1665 835 1710 866 20

63 888 138 928 bus
170 894 305 928 truces
337 894 405 928 aut
436 889 566 940 pavidi
599 895 775 927 extrema
809 887 1085 937 desperatione
1119 886 1166 924 ad
1200 887 1298 924 iram
1331 887 1489 937 saepius
1523 897 1640 936 quam

62 949 103 988 in
136 948 389 987 formidinem
422 947 739 987 stimulabantur.

1664 538 1707 570 15

181 1007 233 1046 At
263 1006 494 1046 Vitellianus
533 1008 733 1046 exercitus
772 1006 818 1045 ad
852 1007 1035 1057 quintum
1068 1017 1089 1043 a
1121 1004 1312 1043 Bedriaco
1345 1004 1513 1056 lapidem
1547 1002 1711 1045 con-45

68 1156 182 1191 ‘ohne
207 1155 290 1191 dass
309 1155 375 1190 ihn
399 1155 616 1200 personlich
643 1155 703 1191 ein
722 1155 814 1190 Vor-

64 1203 162 1238 wurf
185 1203 369 1249 getroffen
394 1203 528 1239 h‘a't'tte'.

117 1254 173 1286 10.
201 1251 432 1297 obiectantes]
460 1263 486 1286 s.
515 1263 559 1285 zu
583 1250 611 1294 I,
639 1254 695 1294 28,
724 1254 754 1284 1.

111 1298 224 1345 iuvit]
252 1299 356 1334 ‘kam
382 1311 428 1333 zu
448 1298 626 1342 Statten',
652 1297 723 1333 wie
752 1297 815 1340 III,

116 1397 171 1430 11.
198 1394 349 1428 Annius
377 1392 509 1428 Gallus
540 1404 617 1427 war
649 1391 722 1427 seit.
747 1392 816 1426 sei-

67 1451 154 1476 nem
182 1439 288 1476 Sturz
313 1440 384 1475 mil:
409 1440 493 1476 dem
519 1439 652 1475 Pferde
685 1441 730 1483 (0.
758 1442 817 1483 33)

65 1487 359 1533 kampfuuf'ahig
402 1487 455 1522 im
498 1488 620 1532 Lager
667 1487 818 1522 zuriick-

66 1535 276 1581 geblieben.

117 1586 171 1618 12.
181 1583 350 1629 consilio]
361 1582 818 1628 ‘durchVorstellungen’,

71 1630 142 1666 wie
168 1629 234 1674 III,
261 1633 318 1673 21,
345 1634 376 1665 6.

117 1677 378 1761 Igpeqsllciffmgtu
394 1678 490 1770 esssig'
504 1681 690 1770 elz-edibus]
731 1724 741 1740 ⁶
752 1724 822 1758 mit

70 1771 371 1818 Blutvergiessen
396 1774 506 1807 unter
531 1771 638 1806 ihren
664 1772 822 1816 eigenen

68 1819 241 1855 Leuten’.
275 1811 376 1855 Uber
402 1819 474 1854 den
499 1819 609 1855 Nom.
638 1820 731 1854 state
757 1818 821 1854 des

67 1866 158 1902 Gen.
179 1867 251 1912 vgl.
272 1866 481 1911 Liv.11‚9‚5
501 1878 565 1902 nec
584 1867 698 1902 hostes
719 1867 823 1902 modo

67 1915 263 1958 timebant,
301 1915 362 1950 sed
398 1918 552 1950 suosmet
594 1915 669 1959 ipsi
711 1915 804 1950 cives
811 1927 824 1956 ;

69 1961 200 2005 XLIV,
221 1964 242 1996 8
274 1962 370 1996 inter
400 1966 505 1997 semet
535 1963 611 2006 ipsi
637 1963 824 1997 seditioni·

73 2010 140 2045 bus
165 2009 343 2044 saeviant.
382 2008 559 2054 Draeger,
587 2009 691 2053 Synt.
718 2012 737 2051 ξ
765 2013 819 2044 13.

122 2060 177 2091 14.
204 2057 441 2092 levamentum
486 2067 534 2091 sc.
562 2068 653 2091 esse.

123 2108 179 2140 15.
204 2103 347 2150 ceteris]
383 2114 430 2138 au
447 2115 505 2138 ser
537 2103 609 2138 den
636 2103 821 2139 Pratoria-

72 2162 176 2187 nern.
227 2150 304 2186 Aue
341 2150 463 2186 dieser
499 2151 615 2186 Stelle
646 2151 723 2185 und
756 2161 822 2186 aus

71 2199 137 2234 der
162 2198 405 2243 Erwahnung
436 2198 501 2233 des
536 2197 700 2233 Licinius
733 2197 821 2233 Pro-

71 2247 177 2282 culus
191 2246 243 2291 (Z.
255 2248 290 2291 4)
305 2246 397 2292 geht
408 2274 416 2290 ,
431 2246 501 2280 wie
515 2244 708 2280 Prammer
727 2246 822 2281 rich-

74 2293 132 2338 tig
156 2293 340 2337 bemerkt,
367 2294 513 2337 hei-vor,
540 2292 622 2327 dass
643 2293 725 2328 eine
749 2292 825 2327 Ab-

75 2341 221 2386 teilung
235 2340 476 2376 Priitorianer
495 2351 544 2375 an
558 2340 624 2375 der
646 2339 826 2375 Schlaeht

75 2388 369 2434 ‘sengenommen
393 2388 516 2423 haben
548 2391 713 2431 miissen,
749 2388 825 2422 und

79 2446 117 2471 es
155 2436 207 2470 ist
244 2435 326 2470 eine
358 2435 544 2480 plausible
579 2434 825 2480 Vermutung,

78 2481 160 2518 dass
196 2482 268 2518 mil:
299 2482 372 2518 den
409 2481 720 2528 Anfangsworten
761 2482 826 2518 des

76 2529 172 2575 Kap.
198 2531 319 2566 media
343 2531 420 2566 acie
437 2533 621 2575 perrupta
647 2530 706 2565 die
737 2529 825 2564 Pr'a-

80 2578 245 2613 torianer
270 2578 438 2622 gemeint
462 2579 574 2612 seien.

129 2629 183 2660 16.
209 2635 255 2660 ne
277 2645 321 2650 —
341 2625 500 2670 quidem]
530 2637 556 2658 ε.
584 2636 627 2658 zu
653 2635 682 2658 c.
713 2628 768 2669 15,
795 2628 826 2659 6.

131 2676 185 2707 17.
206 2673 316 2718 pulso
341 2670 475 2717 equite]
498 2684 525 2706 s.
553 2683 582 2707 c.
610 2675 666 2706 41.

130 2719 296 2766 leyionis]
323 2719 409 2754 XXI
435 2722 479 2763 (c.
508 2723 565 2763 43,
592 2722 641 2760 5).

132 2769 187 2802 18.
213 2767 370 2802 militum
400 2767 497 2812 quod
524 2787 566 2791 -
594 2766 724 2811 fuerit]
753 2766 828 2811 vgl.

83 2824 113 2848 c.
147 2818 191 2849 55
230 2814 326 2859 quod
356 2818 434 2849 erat
464 2815 506 2848 in
536 2814 624 2848 urbe
660 2814 827 2848 militum.

81 2859 146 2905 IV,
174 2865 229 2904 15,
258 2865 312 2897 17.
338 2860 382 2896 A.
402 2862 465 2904 IV,
487 2865 542 2895 24.
567 2864 621 2895 73.
648 2860 745 2904 XIV,
772 2865 828 2896 32.

84 2905 127 2942 G.
155 2913 209 2943 15.
257 2908 305 2944 So
332 2909 448 2944 sehon
475 2907 578 2943 Caes,
608 2910 640 2943 b.
663 2907 703 2943 G.
726 2908 769 2952 V,
797 2911 829 2951 2,

890 1159 910 1189 3
931 1155 1027 1198 quod
1051 1155 1142 1188 satis
1162 1165 1235 1189 esse
1255 1154 1372 1189 visum
1393 1157 1443 1188 est
1463 1154 1620 1188 militum
1629 1166 1642 1195 ,-

889 1201 970 1236 Liv.
998 1202 1024 1244 I,
1053 1205 1108 1244 12,
1130 1205 1151 1236 5
1178 1202 1274 1246 quod
1299 1203 1394 1236 inter
1423 1201 1642 1236 Palatinum

892 1248 1211 1294 Capitolinumque
1255 1250 1376 1284 collem
1415 1249 1537 1293 campi
1568 1253 1642 1290 est,-

889 1297 986 1339 XXI,
1015 1300 1076 1340 55,
1104 1300 1124 1330 2
1158 1297 1253 1341 quod
1278 1297 1424 1338 virium,
1461 1296 1557 1340 quod
1582 1307 1642 1330 ro-

890 1345 987 1379 boris
1019 1348 1087 1385 est,·
1125 1343 1295 1384 XXVIII,
1322 1348 1354 1387 2,
1385 1348 1426 1378 12
1461 1344 1556 1388 quod
1587 1354 1642 1378 ve-

890 1395 1007 1426 terum
1029 1392 1194 1436 peditum
1221 1395 1319 1433 erat,·
1352 1403 1380 1426 e.
1411 1394 1449 1433 8,
1477 1395 1497 1426 9
1529 1391 1643 1425 homi-

892 1450 981 1473 num
1006 1439 1102 1484 quod
1122 1440 1162 1473 in
1182 1440 1282 1483 ayris
1301 1439 1396 1482 fuit;
1424 1439 1533 1482 XLV,
1549 1441 1580 1481 2,
1599 1442 1641 1472 11

892 1487 988 1531 quod
1013 1487 1171 1521 militum
1200 1485 1378 1532 Corcyrae
1402 1490 1498 1521 esset.

941 1537 1046 1568 trans
1068 1534 1232 1580 Padum]
1253 1533 1407 1568 Brixelli
1428 1537 1470 1577 (c.
1493 1537 1548 1576 33,
1573 1535 1643 1578 13).

942 1582 1127 1616 Moesicas
1148 1582 1316 1627 leyiones]
1345 1593 1370 1616 s.
1393 1592 1436 1615 zu
1457 1593 1486 1616 c.
1508 1585 1564 1623 32,
1586 1584 1642 1616 23.

944 1632 997 1664 19.
1025 1628 1218 1674 Bedriaci]
1245 1639 1421 1673 ungenau
1445 1628 1505 1662 fiir
1524 1629 1566 1662 in
1585 1639 1645 1663 ca-

893 1677 979 1712 stris
1010 1687 1128 1721 prope
1164 1676 1389 1711 Bedriacum
1430 1676 1562 1720 positis
1600 1678 1643 1719 (0.

895 1727 951 1767 39,
980 1725 1026 1768 τ).

943 1775 999 1806 20.
1026 1772 1059 1806 si
1084 1772 1141 1805 ita
1164 1771 1290 1817 ferret]
1312 1771 1381 1805 mit
1399 1770 1645 1805 unbestimm-

895 1820 973 1854 tem
1009 1818 1201 1863 Subjekte‚
1237 1819 1360 1852 ‘wenn
1394 1829 1432 1852 es
1467 1828 1506 1852 so
1540 1817 1645 1852 kom-

896 1877 980 1900 men
1015 1866 1139 1910 sollte,
1177 1866 1256 1901 sein
1286 1866 1465 1908 msisste’3
1498 1864 1574 1910 vgl.
1601 1865 1644 1900 A.

896 1914 961 1957 ΙΙΙ,
989 1918 1032 1949 15
1068 1914 1202 1949 sociam
1227 1924 1263 1948 se
1288 1915 1544 1957 cuiuscumque
1568 1913 1644 1956 for-

897 1965 1010 1996 tunae
1034 1965 1076 2004 et,
1103 1962 1136 1996 si
1156 1962 1210 1996 ita
1234 1961 1357 2004 ferret,
1385 1961 1546 1995 comitem
1571 1961 1645 1995 eati-

894 2010 940 2044 tii
973 2009 1219 2053 promittebat.
1280 2008 1408 2044 Cicero
1452 2009 1548 2043 setzb
1590 2018 1647 2043 res

895 2055 1019 2091 hinzu.

938 2103 1142 2149 perituros]
1172 2103 1239 2137 Als
1263 2102 1423 2147 Subjekt
1447 2102 1516 2137 hat
1540 2102 1648 2138 nicht

896 2151 959 2185 lios
992 2163 1037 2185 zu
1069 2151 1206 2195 gelten,
1246 2149 1406 2185 sondern
1438 2150 1498 2184 ein
1530 2149 1646 2184 unbe-

896 2198 1082 2233 stimmtes
1105 2198 1238 2240 ‘man',
1264 2198 1333 2233 wie
1355 2209 1383 2232 c.
1405 2202 1461 2241 32,
1483 2201 1538 2233 25.
1577 2197 1645 2232 Die

896 2244 1134 2280 Pratorianer
1173 2245 1321 2279 denken
1361 2256 1408 2279 an
1447 2243 1645 2279 samtliche

898 2293 996 2327 noch
1033 2293 1296 2327 vorhandenen
1336 2292 1524 2337 Truppen,
1563 2291 1645 2326 dar-

898 2343 1008 2375 unter
1045 2340 1141 2374 auch
1180 2351 1228 2374 an
1267 2340 1357 2376 sich.
1416 2340 1501 2384 Vgl.
1537 2350 1567 2376 e.
1600 2343 1645 2374 46

897 2398 1079 2432 superesse
1104 2388 1224 2422 adhuc
1248 2398 1360 2422 novas
1379 2387 1473 2422 vires
1498 2391 1529 2422 et
1549 2388 1648 2431 ipsos

899 2439 1058 2469 extrema
1080 2445 1255 2479 passuros
1281 2445 1514 2479 ausurosque.

947 2486 1003 2518 21.
1030 2486 1148 2517 truces
1176 2481 1433 2527 ‘ingrimmig’
1475 2482 1536 2516 bei
1562 2482 1646 2516 dem

901 2529 1104 2564 Gedanken
1125 2541 1173 2564 an
1195 2530 1412 2572 Revanche3
1433 2530 1567 2574 pavidi
1594 2529 1646 2563 ‘in

898 2577 1040 2621 banger
1079 2576 1312 2621 Stimmung’
1355 2577 1414 2612 bei
1453 2577 1517 2611 der
1555 2576 1647 2610 Vor-

901 2623 1065 2669 stellung
1090 2624 1155 2659 des
1181 2624 1313 2660 Todes.

949 2672 998 2706 ad
1024 2692 1067 2697 --
1095 2672 1151 2718 in]
1181 2684 1206 2707 s.
1234 2684 1279 2706 zu
1304 2671 1331 2715 I,
1358 2676 1415 2715 44,
1444 2675 1497 2706 13.

949 2765 1012 2801 45.
1050 2770 1079 2801 1.
1114 2766 1164 2801 ad
1197 2767 1365 2811 quintum
1402 2777 1425 2800 α
1466 2765 1648 2799 Bedriaco

902 2813 1075 2859 lapidem]
1116 2813 1185 2849 Die
1218 2813 1440 2847 Vitellianer
1473 2812 1649 2846 machten

903 2861 980 2895 also
998 2865 1015 2895 1
1030 2862 1179 2896 rom.M.
1192 2872 1277 2895 vom
1293 2859 1521 2895 feindlichen
1531 2859 1649 2904 Lager

904 2908 1009 2951 Ha1t;
1037 2908 1111 2953 vgl.
1140 2920 1169 2943 c.
1198 2911 1254 2951 39,
1283 2910 1314 2941 6.
