1875 3214
145 630 188 661 10

147 928 188 959 15

214 94 298 134 122
738 91 902 127 TACITI
928 90 1265 127 HISTORIARUM

212 213 249 245 et
275 206 410 257 plures
438 204 699 244 seditionibus
727 210 765 242 et
793 203 1000 243 ambitioso
1027 205 1193 255 imperio
1220 203 1311 242 laeti
1338 215 1409 254 per
1429 203 1566 243 turbas
1589 209 1628 243 et
1648 210 1784 256 raptus

212 265 364 304 facilius
404 265 450 303 ad
490 263 603 303 civile
643 263 788 302 bellum
828 263 1134 315 inpellerentur,
1174 262 1291 301 simul
1328 269 1517 314 reputans
1557 276 1636 303 non
1669 276 1785 316 posse

212 326 478 377 principatum
519 323 668 362 scelere
709 324 933 374 quaesitum
973 322 1101 362 subita
1136 322 1327 360 modestia
1361 328 1400 361 et
1432 324 1563 374 prisca
1596 324 1784 374 gravitate

212 385 390 437 retineri,
423 383 491 422 sed
526 383 755 422 discrimine
787 382 899 421 urbis
932 387 971 421 et
1002 381 1180 433 periculo
1214 388 1375 420 senatus
1401 383 1553 434 anxius,
1585 387 1786 433 postremo

212 445 263 482 ita
292 443 498 482 disseruit:
527 440 677 494 ‘Neque
706 448 750 481 ut
777 441 955 481 adfectus
983 447 1136 479 vestros
1163 442 1203 479 in
1224 453 1399 480 amorem
1419 442 1497 480 mei
1517 442 1789 492 accenderem,

213 503 518 555 commilitones,
558 514 686 554 neque
728 507 772 541 ut
812 503 987 540 animum
1028 501 1073 539 ad
1116 501 1302 539 virtutem
1336 500 1566 540 cohortarer
1599 497 1787 555 (utraque

213 564 318 601 enim
359 563 516 613 egregie
557 558 805 614 supersunt),
847 560 915 599 sed
955 562 1045 598 veni
1083 559 1358 611 postulaturus
1398 572 1418 599 a
1450 559 1562 599 vobis
1596 566 1788 612 tempera-

215 627 392 661 mentum
426 627 579 660 vestrae
613 620 858 660 fortitudinis
893 625 932 658 et
958 631 1050 670 erga
1078 632 1138 658 me
1166 619 1327 658 modum
1353 621 1542 659 caritatis.
1593 619 1789 659 tumultus

212 683 383 733 proximi
415 683 572 720 initium
604 693 683 719 non
717 680 933 731 cupiditate
967 679 1027 718 vel
1060 679 1168 730 odio,
1207 691 1306 730 quae
1339 679 1484 718 multos
1518 681 1718 719 exercitus
1750 681 1791 718 in

213 741 449 780 discordiam
484 752 620 792 egere,
659 752 702 778 ac
743 751 792 777 ne
832 739 1119 777 detrectatione
1153 738 1312 789 quidem
1346 745 1414 777 aut
1445 739 1655 778 formidine
1688 740 1791 791 peri-

214 800 413 839 culorum:
460 801 578 838 nimia
624 800 750 850 pietas
794 803 924 837 vestra
970 799 1101 837 acrius
1142 810 1261 849 quam
1300 798 1549 837 considerate
1589 800 1792 850 excitavit3

214 872 302 898 nam
338 872 453 911 saepe
487 859 673 897 honestas
707 870 843 897 rerum
877 870 1027 909 causas,
1060 859 1101 896 ni
1128 857 1320 896 iudicium
1347 857 1544 910 adhibeas,
1576 859 1793 909 perniciosi

216 921 344 958 exitus
384 923 667 958 consecuntur.
718 919 821 956 imus
861 917 908 956 ad
947 917 1106 956 bellum.
1130 918 1134 922 '
1158 929 1253 956 num
1293 929 1429 956 omnes
1469 919 1632 956 nuntios
1665 917 1791 969 palam

215 978 356 1030 audiri,
390 980 518 1017 omnia
553 977 716 1016 consilia
751 978 906 1016 cunctis
938 976 1217 1029 praesentibus
1248 978 1410 1015 tractari
1437 978 1535 1015 ratio
1564 989 1699 1016 rerum
1726 982 1793 1016 aut

215 1040 468 1077 occasionum
508 1037 693 1076 velocitas
732 1034 913 1089 patitur?
964 1042 1043 1075 tam
1083 1037 1238 1075 nescire
1272 1036 1463 1088 quaedam
1497 1036 1641 1075 milites
1675 1048 1792 1088 quam

214 1128 338 1172 Manu,
348 1129 509 1163 welcher
521 1128 580 1163 die
589 1128 784 1163 Mehrzahl
795 1128 967 1163 bildete’.

214 1176 299 1221 Vgi.
328 1187 356 1211 c
387 1180 430 1211 25
459 1177 588 1222 vulqus
613 1180 645 1212 et
671 1180 823 1220 ceteros;
856 1175 918 1218 ΙΙΙ,
948 1179 968 1210 3

214 1225 345 1271 vulqus
358 1228 391 1259 et
404 1225 520 1259 ceteri.
543 1225 718 1269 Draeger,
735 1205 838 1268 Syn't.
855 1227 967 1266 §113

216 1272 318 1307 Uber
339 1273 464 1316 plures
490 1284 517 1307 s.
545 1284 589 1306 zu
616 1283 645 1307 c.
674 1275 729 1315 39,
757 1276 789 1306 5.

263 1323 294 1354 3.
337 1320 568 1354 ambitiosum
600 1320 793 1364 imperium
826 1319 876 1353 ist
909 1317 970 1352 ein

214 1368 313 1402 nach
334 1367 398 1402 der
412 1367 533 1402 Gunst
554 1367 618 1402 der
632 1367 767 1412 Menge
788 1367 969 1401 hasichen-

216 1416 290 1458 des,
307 1415 387 1449 also
405 1415 500 1450 nach
522 1416 637 1449 unten
653 1415 719 1449 hin
733 1413 968 1459 abhangiges

215 1462 424 1508 Regiment.
464 1462 550 1507 Vgl.
571 1462 615 1505 ΙΙ,
639 1466 681 1497 12
711 1462 869 1497 Suedius
891 1461 968 1496 Gle-

215 1521 314 1546 mens
327 1511 517 1545 ambitioso
528 1511 680 1554 imperio
690 1511 835 1555 reyebat
842 1525 855 1554 ‚·
869 1509 968 1545 Suet.

217 1557 298 1594 Oct.
325 1561 369 1592 42
408 1562 449 1593 ut
487 1559 667 1593 salubrem
706 1559 823 1603 mayis
861 1568 969 1602 quam

216 1607 449 1641 ambitiosum
472 1607 678 1650 principem
704 1607 824 1640 scires.

263 1657 395 1699 raptus
421 1652 733 1698 ‘Gelegenheiten
754 1665 835 1688 zum
856 1653 969 1687 Plfin-

217 1702 340 1745 dern'3
367 1702 441 1746 vgl.
469 1713 513 1735 zu
539 1712 569 1735 e.
596 1705 654 1744 46,
684 1704 737 1735 12.

264 1753 297 1784 4.
326 1749 430 1784 civile
456 1748 601 1795 bellum]
623 1759 706 1783 eum
721 1747 878 1783 Vitellio
906 1758 970 1792 ge-

216 1796 383 1831 rendum.

267 1849 299 1879 5.
326 1844 514 1890 modestia]
544 1856 570 1878 s.
598 1856 642 1878 zu
669 1854 697 1878 c.
726 1846 781 1886 30,
812 1847 841 1878 1.

266 1897 296 1927 6.
349 1892 545 1927 discrimen
592 1890 674 1926 ‘die
718 1890 970 1926 bedenkliche

217 1940 349 1985 Lage’.

267 1992 297 2022 7.
327 1987 509 2033 adfectus]
537 1998 565 2022 s.
592 1998 637 2020 zu
664 1997 692 2021 e.
723 1990 777 2030 72,
805 1989 838 2020 8.

266 2038 298 2070 8.
326 2036 463 2081 eyreyie
487 2034 701 2080 superswnt]
726 2034 790 2068 ‘ist
809 2033 847 2068 in
868 2033 971 2068 herr-

218 2082 336 2118 licher
348 2083 453 2117 Ffille
469 2082 714 2125 vorhanden'3
735 2085 921 2125 s.zuo.51,
938 2085 972 2116 8.

266 2131 365 2176 reni]
380 2131 456 2165 Das
471 2129 655 2165 Pradikat
673 2130 724 2164 ist
743 2129 839 2164 nach
861 2128 973 2164 Dich—

218 2179 418 2213 terbrauoh
446 2179 483 2212 in
510 2178 582 2212 den
609 2178 765 2212 zweiten
787 2177 872 2212 Satz
893 2188 971 2211 ver-

220 2226 396 2269 schoben,
428 2226 498 2260 wie
525 2224 568 2259 A.
595 2224 657 2268 VI,
685 2229 729 2260 29
756 2225 852 2259 nihil
876 2225 974 2259 hunc

219 2274 386 2308 amicitia
401 2273 541 2315 Seiani,
560 2274 623 2308 sed
643 2273 824 2316 labefecit.
842 2301 849 2308 .
867 2273 972 2307 .Ma-

219 2323 342 2357 crenis
360 2322 494 2356 odiam.
530 2320 707 2365 Draeger,
730 2321 833 2364 Synt.
854 2324 873 2362 ξ
893 2324 973 2355 230.

268 2372 585 2414 temperamentum
627 2368 861 2413 ‘Zu'gelung‚
907 2368 974 2402 Be-

222 2416 488 2461 schrankung’.

271 2468 325 2498 10.
364 2465 491 2498 modiis
532 2462 801 2498 ‘Masshalben’
831 2480 876 2492 =
903 2473 974 2498 mo-

220 2512 375 2554 deratio,
401 2511 471 2545 wie
493 2523 521 2546 c.
538 2514 583 2546 85
603 2512 805 2546 severitatis
827 2512 974 2553 modus,-

222 2559 295 2594 Cic.
318 2571 352 2604 p.
376 2558 468 2593 Sest.
490 2562 509 2600 ξ
531 2563 585 2593 79.
620 2571 654 2604 p.
675 2559 789 2593 Marc.
812 2562 831 2600 ἓ
855 2562 885 2593 1.

272 2610 326 2641 11.
348 2607 526 2641 tumultus
538 2606 883 2652 proscimi‘initium]
900 2606 933 2641 d.
949 2606 972 2641 i.

223 2655 407 2689 'tumultus
434 2654 623 2698 proximus
651 2655 753 2688 ortus
780 2657 846 2688 est.

273 2706 327 2736 12.
355 2701 591 2746 discordiam]
615 2713 641 2736 s.
664 2713 707 2735 zu
728 2713 756 2736 c.
780 2704 835 2744 53,
859 2705 888 2736 7.

271 2750 353 2796 aut]
369 2750 463 2784 statt
482 2752 515 2784 et
535 2760 666 2793 wegen
687 2749 750 2782 des
771 2749 974 2794 negativen

223 2797 460 2832 Gedankens.
487 2796 562 2831 Der
577 2795 666 2830 Gen.
683 2796 817 2841 gehort
831 2809 874 2830 zu
897 2796 972 2831 bei-

224 2844 294 2879 den
321 2843 533 2879 Ablativen.

274 2897 327 2926 13.
348 2893 466 2927 nimia
481 2891 618 2937 pietas]
634 2890 701 2925 mit
723 2891 973 2926 rhetorischer

1041 1126 1273 1172 Auslassung
1305 1127 1371 1161 der
1401 1126 1794 1172 Adversativpartikel
1821 1166 1826 1170 ,

1041 1175 1137 1209 nach
1152 1185 1226 1209 non
1242 1175 1279 1208 in
1297 1174 1361 1209 der
1375 1173 1585 1218 Antithese,
1607 1174 1676 1209 wie
1691 1186 1720 1209 c.
1737 1178 1793 1208 29.

1042 1222 1087 1265 ΙΙ,
1115 1225 1147 1257 3.
1176 1226 1229 1256 12.
1260 1226 1313 1257 16.
1343 1226 1398 1257 76.
1426 1222 1488 1265 HI,
1511 1226 1542 1257 3.
1569 1221 1632 1266 IV,
1652 1225 1709 1256 41.
1737 1225 1793 1257 58.

1042 1270 1085 1304 A.
1109 1269 1150 1313 V,
1179 1273 1209 1304 3
1221 1271 1325 1315 ...Agr
1348 1273 1404 1305 37.
1437 1250 1653 1315 Nipperdey
1680 1280 1723 1304 zu
1751 1270 1792 1303 A.

1042 1316 1105 1360 IV,
1127 1321 1181 1352 35.
1215 1308 1314 1352 Uber
1332 1319 1455 1362 pietas
1481 1329 1508 1352 s.
1536 1330 1579 1352 zu
1605 1317 1649 1360 ΙΙ,
1678 1320 1734 1361 69,
1761 1320 1794 1352 2.

1092 1366 1216 1400 acrius
1234 1376 1343 1410 quam
1363 1365 1603 1410 considerate]
1619 1365 1712 1400 stati:
1728 1364 1793 1400 des

1042 1411 1331 1457 regelm‘assigen
1357 1414 1482 1448 acoius
1501 1424 1611 1457 quam
1636 1411 1795 1448 co'nside-

1042 1461 1165 1495 ratius
1196 1461 1287 1505 (vgl.
1315 1460 1367 1504 ΙΙ,
1395 1465 1458 1504 24,
1487 1465 1519 1496 6.
1558 1460 1620 1503 IV,
1648 1464 1710 1504 40,
1741 1464 1795 1503 16,

1044 1511 1100 1551 65,
1116 1509 1151 1551 4)
1174 1508 1263 1543 oder
1282 1509 1418 1543 acriter
1441 1508 1559 1553 mayis
1584 1519 1692 1553 quam
1713 1519 1796 1543 con·

1042 1556 1209 1590 siderate.
1253 1555 1403 1591 Ebenso
1429 1557 1530 1590 steht
1549 1555 1638 1601 Agr.
1653 1559 1675 1590 4
1695 1556 1793 1591 vehe-

1043 1604 1200 1638 mentius
1225 1614 1335 1648 quam
1360 1607 1473 1639 caute.

1094 1654 1149 1687 14.
1164 1652 1331 1686 honestas
1343 1663 1466 1687 rerum
1480 1651 1627 1698 causas]
1649 1650 1796 1687 ‘ehren-

1043 1698 1149 1733 hafte
1177 1698 1370 1744 (lfibliche)
1398 1698 1568 1734 Motive’.

1092 1747 1281 1792 adhibeas]
1312 1758 1339 1781 s.
1365 1759 1410 1781 zu
1437 1757 1466 1781 c.
1496 1750 1526 1789 1,
1549 1750 1580 1781 9.

1095 1798 1147 1829 15.
1175 1795 1229 1828 ire
1255 1795 1304 1828 ad
1330 1795 1460 1829 bellum
1479 1794 1550 1829 wie
1572 1793 1646 1828 Cic.
1662 1805 1696 1838 p.
1712 1792 1796 1838 Lig.

1045 1844 1064 1883 ξ
1086 1844 1141 1884 35,
1169 1841 1275 1876 nicht
1300 1842 1342 1876 in
1367 1842 1510 1885 bellum,
1537 1852 1614 1876 was
1641 1842 1716 1876 ersi:
1734 1840 1797 1876 bei

1045 1889 1133 1925 Iust.
1161 1889 1256 1924 Gen.
1283 1889 1421 1924 Fronto
1447 1889 1672 1925 vorkommt.
1723 1889 1797 1923 Da-

1044 1937 1313 2019 ssffis
1338 1936 1797 1981 <>

1046 2031 1121 2076 vgl.
1150 2032 1251 2067 Caes.
1279 2013 1313 2068 b’.
1341 2012 1385 2067 GT
1410 2032 1438 2076 I,
1467 2036 1528 2075 51,
1556 2036 1576 2067 3
1596 1996 1799 2076 ppo-oncis&

1045 2080 1088 2114 in
1117 2080 1318 2124 proclivum·
1348 2080 1383 2114 b.
1411 2091 1441 2114 c.
1468 2079 1531 2123 ΙΙΙ,
1558 2083 1615 2121 99,
1643 2083 1662 2114 2
1683 2079 1798 2124 profi-

1046 2127 1134 2162 cisci
1171 2128 1213 2162 in
1247 2138 1435 2173 2m9nam5
1471 2127 1567 2162 Flor.
1598 2139 1633 2172 p.
1663 2131 1724 2170 15,
1755 2130 1796 2160 12

1047 2175 1174 2219 (Jahn)
1196 2176 1385 2220 proficisci
1410 2176 1452 2210 in
1479 2176 1601 2210 aciem.
1641 2173 1728 2219 Vgl.
1749 2174 1799 2209 ael

1048 2223 1177 2257 bellum
1197 2223 1394 2267 proficisci.

1094 2271 1199 2316 num]
1239 2270 1326 2306 weil
1364 2269 1423 2305 die
1457 2268 1698 2314 Verneinung
1734 2268 1801 2304 der

1047 2317 1168 2363 Frage
1202 2318 1377 2353 erwartet
1409 2316 1518 2361 wird,
1554 2317 1665 2351 ‘doch
1693 2316 1800 2352 nicht

1050 2365 1176 2400 etwa’.
1227 2365 1311 2411 Vgl.
1338 2364 1434 2401 Dial.
1465 2369 1508 2400 18
1539 2376 1627 2400 num
1652 2365 1800 2400 dubita-

1047 2412 1154 2448 mus?
1180 2412 1358 2456 Heraeus,
1374 2412 1438 2447 lat.
1453 2412 1621 2457 Schulgr.
1638 2415 1657 2454 ξ
1670 2416 1750 2455 214,
1769 2415 1798 2446 1.

1099 2464 1152 2495 16.
1173 2462 1270 2496 ratio
1289 2460 1426 2506 rerum]
1444 2459 1519 2495 ‘ein
1532 2458 1799 2505 planmassiges

1047 2508 1284 2544 Verfahren’.
1332 2507 1378 2542 So
1404 2509 1502 2543 ratio
1528 2507 1642 2542 allein
1669 2506 1713 2550 ΙΙ,
1735 2511 1796 2542 ’19.

1047 2560 1103 2591 25.
1131 2560 1187 2591 26.
1214 2555 1277 2601 ΙΙΙ,
1305 2559 1359 2590 59.
1387 2559 1443 2590 60.
1494 2555 1633 2590 Rerum
1658 2555 1707 2589 ist
1733 2554 1799 2589 der

1047 2603 1271 2649 Propor‘nion
1306 2603 1438 2638 halber
1473 2614 1604 2648 wegen
1642 2603 1798 2637 occasio-

1047 2663 1135 2686 num
1161 2652 1330 2687 velocitas
1354 2651 1621 2694 hinzugesetzt.
1653 2649 1799 2684 Bonnet

1049 2699 1205 2734 erklart:
1241 2699 1316 2734 ‘die
1341 2709 1408 2733 aus
1436 2698 1506 2732 den
1532 2697 1680 2743 Dingen
1718 2697 1798 2732 sich

1049 2746 1258 2792 ergebende
1284 2745 1614 2790 Notwendigkeit‚
1641 2744 1678 2779 la
1703 2744 1798 2790 logi-

1048 2805 1119 2838 que
1137 2794 1182 2829 de
1202 2794 1240 2829 la
1253 2792 1460 2829 situation&
1482 2793 1683 2828 Einfacher
1698 2795 1797 2827 w‘z'tre

1050 2842 1124 2876 ‘die
1152 2842 1273 2877 Natur
1299 2841 1363 2876 der
1388 2840 1540 2885 Dinge’.

1098 2893 1113 2923 1
1121 2892 1151 2924 7.
1164 2889 1393 2925 occasionum
1402 2889 1572 2924 velocitas
1581 2886 1656 2923 ‘die
1667 2887 1798 2922 rasche
