1875 3214
601 111 748 146 LIBER
774 111 819 147 II.
866 110 968 147 CAP.
997 114 1147 145 71—74.

93 226 171 266 bat.

1580 108 1666 149 :215

232 226 355 275 igitur
400 223 614 263 deterrimo
660 235 818 274 quoque
864 224 905 260 in
943 228 1219 273 argumentum
1265 220 1419 260 fabulae
1459 220 1666 271 adsumpto
1694 227 1713 259 5

95 285 236 336 vulgus
268 283 473 323 credulum
508 288 547 321 et
580 283 739 333 quidam
770 281 942 320 militum
968 294 1103 320 errore
1130 283 1213 319 veri
1246 293 1318 320 seu
1349 280 1558 319 turbarum
1585 285 1666 318 stu-

91 345 158 384 dio
197 345 377 383 certatim
417 342 748 393 adgregabantur,
788 353 879 379 cum
917 346 1142 391 pertractus
1181 340 1228 379 ad
1261 340 1458 379 Vitellium
1498 341 1667 378 interro-

91 410 305 456 gatusque,
351 404 532 454 quisnam
576 401 803 440 mortalium
842 405 957 438 esset.

1021 406 1228 451 postquam
1269 399 1375 438 nulla
1415 399 1531 438 dictis
1570 398 1667 437 fides

93 469 134 503 et
158 475 180 502 a
206 463 364 501 domino
398 461 639 500 noscebatur
664 460 895 500 condiclone
922 459 1112 510 fugitivus
1138 461 1295 497 nomine
1324 458 1432 510 Geta,
1465 465 1668 509 sumptum

93 523 142 562 de
174 534 220 561 eo
253 521 492 572 supplicium
524 522 565 559 in
598 520 780 559 servilem
813 519 983 558 modum.

212 580 284 620 Vix
316 580 506 620 credibile
538 585 759 619 memoratu
792 584 869 631 est,
909 583 1098 629 quantum
1138 576 1347 628 superbiae
1386 576 1669 627 socordiaeque
1686 574 1739 615 73

93 640 249 680 Vitellio
289 639 521 690 adoleverit,
566 646 776 691 postquam
819 637 1088 689 speculatores
1127 649 1146 676 e
1187 636 1302 675 Suria
1341 635 1561 687 Iudaeaque
1604 635 1668 674 ad-

91 705 226 740 actum
258 701 298 738 in
331 699 451 738 verba
483 700 569 738 eius
596 698 800 738 Orientem
832 699 1076 736 nuntiavere.
1122 708 1212 735 nam
1240 697 1314 734 etsi
1340 697 1448 745 vagis
1475 694 1601 733 adhuc
1630 701 1668 733 et

92 761 257 799 incertis
290 758 538 806 auctoribus,
572 765 655 797 erat
688 765 820 797 tamen
852 758 892 795 in
920 769 987 795 ore
1015 757 1194 807 famaque
1216 755 1481 806 Vespasianus
1513 767 1555 793 ac
1589 754 1668 805 ple-

92 831 262 871 rumque
301 818 349 857 ad
381 830 525 857 nomen
565 819 650 857 eius
682 816 863 856 Vitellius
903 816 1166 855 excitabatur:
1205 821 1289 854 tum
1328 816 1413 865 ipse
1454 815 1669 852 exercitus-
1697 822 1716 853 5

91 891 170 931 que
215 883 260 918 ut
304 878 410 917 nullo
456 877 610 916 aemulo
653 877 814 916 saevitia
858 875 1020 914 libidine
1065 881 1181 926 raptu
1225 876 1266 913 in
1312 879 1497 913 externos
1538 885 1670 912 mores

91 942 371 991 proruperant.

197 998 262 1036 ‹At
284 996 548 1048 Vespasianus
580 994 728 1034 bellum
761 1007 946 1047 armaque
981 1001 1019 1034 et
1044 975 1185 1047 procul
1217 993 1278 1032 vel
1309 995 1417 1032 iuxta
1444 994 1539 1032 sitas
1567 993 1670 1031 vires
1688 992 1744 1032 74

140 1158 286 1183 manere
307 1147 419 1182 ‘noch
439 1146 726 1188 fortbestehen’3
755 1156 781 1181 ε.
804 1158 847 1180 zu

93 1194 156 1239 IV,
183 1198 240 1238 35,
269 1198 322 1231 10.

144 1247 176 1278 5.
209 1243 251 1278 in
282 1245 534 1287 aryumentum
565 1241 730 1286 fabulae]
767 1240 845 1274 (11111

94 1290 158 1336 dje
182 1289 367 1325 Komodie
398 1289 438 1324 in
463 1289 580 1324 Scene
613 1301 658 1323 zu
689 1288 841 1323 setzen’.

93 1336 194 1374 Uber
226 1340 477 1383 argumentum
511 1336 567 1381 (fr.
596 1337 634 1371 la.
670 1336 762 1371 mise
797 1347 842 1369 en

95 1386 219 1430 scene)
245 1386 321 1430 vgl.
350 1384 474 1428 Quint.
488 1384 534 1426 V,
564 1388 618 1427 10,
646 1388 665 1419 9
692 1384 841 1427 fabulae

93 1435 144 1468 ad
164 1436 267 1468 actus
285 1444 477 1468 scenarum
496 1432 712 1477 compositae
732 1442 842 1476 arqu-

95 1484 217 1516 menta
241 1482 428 1516 dicuntur.

145 1533 176 1563 6.
203 1539 323 1564 errore
347 1528 440 1573 veri]
470 1527 533 1562 ‘an
559 1527 626 1562 der
648 1525 848 1561 Wahrheit

93 1576 167 1611 irre
205 1575 440 1620 geworden’.
495 1575 586 1609 Zum
618 1573 848 1619 ungewohn-

95 1624 222 1659 lichen
247 1623 338 1658 Gen.
359 1623 431 1658 obi.
458 1622 533 1667 vgl.
560 1621 622 1666 ΙΙΙ,
652 1625 696 1656 58
722 1633 844 1667 super—

92 1672 197 1707 stitio
221 1671 392 1706 nominis.
431 1669 610 1715 Draeger,
633 1670 737 1713 Synt.
758 1673 777 1711 ξ
794 1672 847 1704 68.

144 1722 176 1753 7.
198 1729 280 1754 cum
289 1717 514 1763 pertractus]
528 1729 575 1751 sc.
593 1719 659 1752 est.
688 1716 736 1752 So
749 1717 848 1751 nach

95 1777 177 1802 cum
197 1766 314 1801 sehon
333 1765 394 1800 bei
410 1765 499 1800 Sall.
515 1766 600 1809 Jug.
618 1768 674 1808 71,
691 1769 721 1800 1.
744 1768 799 1806 77,
816 1768 847 1799 3.

97 1817 177 1856 109,
204 1817 236 1849 2.

144 1863 178 1895 8.
210 1861 379 1905 quisnam
409 1859 636 1906 mortalium]
667 1859 759 1893 ‘was
790 1859 850 1893 fiir

95 1909 160 1943 ein
183 1907 507 1943 Menschenkind⁷.

143 1955 351 2001 postquam]
367 1966 416 1989 sc.
437 1955 527 1995 fuit3
549 1967 577 1989 s.
599 1967 642 1988 zu
663 1954 689 1997 Ι,
710 1958 770 1995 22,
793 1958 846 1988 11.

140 2001 847 2047 9.condicione]‘seinemStandenach’.

149 2054 204 2086 10.
232 2051 275 2085 in
300 2050 462 2085 servilem
486 2049 647 2095 modum]
676 2049 745 2083 wie
773 2048 846 2083 Cic.

96 2098 137 2133 in
156 2098 260 2133 Verr.
282 2097 297 2131 Ι
318 2101 337 2140 ἓ
359 2101 414 2132 13.
441 2096 527 2141 Vgl.
549 2097 592 2132 H.
615 2097 677 2138 IV,
708 2100 749 2130 11
776 2107 849 2131 ser-

97 2146 165 2182 vili
189 2146 382 2190 supplicio.
424 2144 589 2179 Sklaven
608 2144 761 2178 wurden
787 2154 849 2187 ge-

98 2192 232 2228 foltert,
266 2193 340 2227 und
378 2191 611 2236 gekreuzigt.
663 2191 752 2225 Dies
785 2201 850 2235 ge-

98 2241 218 2276 schah
243 2240 283 2275 in
308 2239 406 2275 Rom
431 2239 497 2274 auf
527 2240 610 2273 dem
644 2249 850 2283 sogenann-

98 2292 162 2323 ten
181 2288 374 2324 sessorium
393 2286 446 2321 im
460 2297 610 2330 campus
626 2286 849 2330 Esquilinus

99 2336 167 2371 auf
188 2336 255 2370 der
275 2334 438 2370 Ostseite
459 2334 524 2368 der
545 2333 663 2369 stadt.
706 2332 789 2377 Vgl.
805 2332 848 2368 A.

99 2383 179 2426 XV,
206 2386 251 2418 60
277 2386 407 2428 raptus
437 2383 479 2416 21„
511 2382 627 2416 Iocum
658 2381 850 2415 servilibus

92 2431 225 2476 poenis
249 2432 454 2476 sepositum.

152 2525 214 2560 73.
242 2529 273 2560 1.
300 2523 515 2569 memoratu]
535 2523 657 2558 neben
683 2523 852 2558 credibile

101 2572 333 2617 fiberfltissig.

150 2623 183 2654 2.
209 2618 466 2664 speculatores]
496 2631 522 2652 s.
551 2629 593 2651 zu
622 2617 648 2661 I,
675 2620 732 2660 24,
759 2621 791 2652 8.

153 2679 170 2702 e
196 2667 329 2713 Suria]
350 2667 421 2701 mit
439 2665 657 2710 Depeschen
671 2665 852 2700 Muciana.

152 2715 315 2761 Iudaea]
349 2725 415 2749 aus
448 2712 676 2757 Vespasiano
710 2712 853 2756 Haupt-

103 2762 280 2807 quartier.

153 2813 184 2844 3.
212 2808 294 2855 etsi]
316 2807 415 2843 beim
437 2807 519 2842 Abl.
550 2808 624 2842 abs.
651 2806 721 2840 wie
749 2806 851 2841 Caes.

103 2857 139 2893 b.
166 2867 196 2892 o.
223 2856 250 2900 Ι,
279 2859 335 2898 67,
362 2860 393 2891 5.
421 2855 484 2898 111,
513 2858 568 2896 95,
599 2858 628 2888 1.

145 2905 256 2949 ‘vaqis
287 2907 320 2939 et
352 2903 502 2938 incertis
528 2901 754 2947 auctoribus]
783 2900 852 2936 wie

922 1146 949 1188 Ι,
964 1149 1010 1180 34
1035 1156 1151 1191 vayus
1176 1149 1208 1180 et
1233 1146 1394 1179 incertus
1421 1153 1557 1178 rumor.
1584 1142 1669 1187 Vgl.

919 1193 971 1236 ΙΙ,
1005 1197 1049 1228 55
1088 1193 1254 1229 cecidisse
1294 1191 1466 1226 Othonem
1488 1219 1495 1225 .
1521 1219 1528 1226 .
1555 1219 1562 1226 .
1584 1191 1673 1225 certi

919 1244 1084 1276 auctores
1108 1241 1148 1275 in
1174 1241 1355 1275 theatrum
1381 1239 1542 1274 attulere.

965 1293 998 1324 4.
1032 1288 1167 1334 tamen]
1197 1288 1266 1321 wie
1293 1287 1355 1329 Ill,
1382 1290 1440 1330 45,
1469 1290 1512 1320 13
1540 1297 1672 1330 wegen

917 1336 981 1371 des
1018 1336 1069 1371 im
1108 1335 1191 1370 Abl.
1223 1335 1301 1369 abs.
1333 1333 1532 1379 liegenden
1569 1333 1673 1380 kong

915 1384 1083 1419 cessiven
1108 1383 1341 1419 Gedankens.

967 1433 1008 1466 in
1028 1442 1087 1466 ore
1107 1431 1293 1476 famaque]
1306 1430 1371 1464 (1111
1382 1423 1671 1463 Volksmunde²⁷

964 1480 1177 1525 plerumque
1206 1478 1326 1513 ‘nicht
1353 1476 1484 1519 selten,
1512 1488 1578 1517 gar
1604 1475 1661 1511 oft

921 1526 1173 1570 wiederholt’,
1200 1526 1270 1560 wie
1294 1537 1322 1560 c.
1339 1529 1395 1568 74,
1413 1528 1466 1559 10.
1488 1523 1551 1567 ΙΙΙ,
1566 1528 1624 1567 85,
1639 1528 1673 1559 2.

923 1575 983 1617 IV,
1012 1579 1072 1611 74.
1095 1578 1116 1609 6
1142 1587 1176 1609 u.
1199 1577 1231 1608 ὃ.

974 1626 1005 1657 5.
1027 1623 1076 1657 ad
1095 1633 1221 1656 nomen
1244 1620 1335 1665 eius]
1359 1619 1432 1664 vgl.
1455 1620 1497 1653 A.
1515 1619 1613 1662 XIV,
1629 1623 1672 1653 57

923 1674 1056 1752 egectas
1073 1669 1219 1704 Gallias
1233 1669 1282 1703 ad
1294 1678 1423 1702 nomen
1437 1668 1674 1702 dictatorium

966 1718 1066 1752 ullae
1087 1745 1094 1751 .

922 1719 935 1763 <
971 1719 1218 1810 εεεοὶτῖιόαὒαν]
1237 1763 1337 1797 ‘fnhr
1357 1762 1513 1806 empor’.
1551 1760 1599 1796 Er
1620 1773 1674 1796 er-

925 1813 1073 1847 wachte
1099 1823 1165 1846 aus
1192 1811 1313 1845 seiner
1337 1809 1510 1854 Apathie.

970 1860 1064 1905 tum]
1093 1860 1127 1894 d.
1155 1858 1178 1893 i.
1207 1857 1339 1892 nuntio
1365 1857 1431 1890 illo
1458 1857 1586 1891 allato.

972 1911 1003 1942 6.
1030 1907 1086 1952 ut]
1117 1920 1142 1941 s.
1172 1918 1214 1940 zu
1242 1906 1268 1949 J,
1295 1909 1327 1948 4,
1357 1909 1410 1939 10.

970 1957 1012 1988 in
1061 1959 1228 1989 exter-nos
1277 1952 1406 1997 mores]
1452 1951 1674 1986 asiatischer

922 2001 1129 2046 Despotien
1166 2001 1241 2035 und
1276 1998 1560 2045 Kriegsvolke13
1597 2000 1672 2044 vgl.

922 2050 965 2085 A.
977 2049 1092 2092 IV‚35
1109 2049 1249 2084 externi
1262 2058 1371 2092 reyes,
1389 2050 1455 2081 aut
1474 2047 1538 2091 qui
1552 2047 1673 2081 eadem

922 2098 1075 2132 saevitia
1100 2097 1159 2131 usi
1183 2100 1280 2130 sunt.

972 2148 1002 2180 7.
1030 2143 1298 2189 proruperant]
1326 2154 1352 2177 s.
1380 2154 1424 2176 zu
1450 2152 1480 2176 c.
1508 2146 1539 2184 5,
1569 2144 1624 2177 12.

975 2238 1036 2272 74.
1066 2243 1096 2272 1.
1124 2239 1253 2273 bellum
1280 2236 1468 2281 armaque]
1496 2236 1675 2281 Haufung

923 2286 987 2320 des
1021 2285 1254 2329 Ausdrucks,
1293 2284 1364 2318 wie
1404 2295 1432 2318 c.
1462 2288 1493 2326 1,
1525 2287 1578 2319 13.
1614 2283 1675 2325 IV,

923 2336 980 2373 52,
1004 2337 1064 2374 103
1090 2333 1166 2378 vgl.
1194 2331 1270 2367 Liv.
1298 2332 1358 2373 ΙΙΙ,
1379 2335 1436 2374 69,
1464 2335 1484 2365 2
1513 2343 1615 2366 arma
1643 2335 1675 2365 et

924 2381 1054 2415 bellum
1079 2381 1285 2424 spectabat:
1312 2378 1373 2421 IX,
1402 2382 1459 2422 10,
1486 2383 1518 2414 5.

966 2429 1100 2472 procul
1131 2429 1184 2463 rel
1208 2428 1318 2462 iuncta
1342 2428 1434 2461 sitas
1458 2426 1568 2472 vires]
1599 2425 1674 2460 ‘die

923 2475 1004 2510 feru
1031 2475 1120 2510 oder
1145 2475 1184 2509 in
1209 2475 1274 2509 der
1295 2475 1401 2509 Nahe
1422 2474 1674 2509 befindlichen

926 2522 1194 2558 Streitkrafte’.
1216 2522 1492 2566 Nachahmung
1503 2533 1575 2556 von
1585 2521 1673 2556 Sall.

925 2570 1012 2605 hist.
1040 2570 1091 2604 IV
1117 2570 1160 2604 fr.
1188 2573 1245 2612 20,
1274 2573 1316 2604 17
1351 2570 1423 2613 (ed.
1451 2569 1530 2614 Kr.)
1562 2570 1675 2603 socios

926 2618 1060 2652 amicos
1080 2618 1213 2661 procul
1231 2619 1339 2652 iuncta
1359 2619 1456 2652 sitos.
1485 2617 1569 2661 Vgl.
1586 2616 1673 2660 Agr.

926 2669 971 2699 30
980 2665 1199 2699 nobilissimi
1212 2666 1323 2700 totius
1331 2665 1556 2699 Britanniae
1570 2674 1675 2708 eoque

925 2713 966 2746 in
992 2713 1085 2755 ipsis
1104 2713 1356 2757 penetralibus
1382 2713 1446 2746 siti
1452 2725 1464 2754 ;
1497 2712 1539 2746 A.
1561 2711 1604 2752 ΙΙ,
1629 2714 1673 2745 37

927 2759 1119 2794 Hortensii
1144 2761 1239 2795 inter
1265 2764 1425 2794 oratores
1450 2760 1558 2794 sitam
1583 2760 1674 2793 ima-

925 2808 1071 2852 9inam‚·
1110 2807 1267 2850 X11,10
1303 2808 1376 2841 iam
1411 2807 1562 2849 fratre-3,
1600 2807 1675 2840 iam

925 2856 1162 2900 propinquos,
1189 2856 1264 2889 iam
1290 2855 1434 2899 lonyz'as
1458 2855 1554 2889 sitos.
1590 2852 1674 2898 Vgl.

927 2902 1145 2947 Nipperdey
1171 2914 1214 2936 zu
1241 2903 1282 2936 A.
1311 2901 1337 2944 Ι,
1365 2905 1421 2936 39.
