1875 3214
156 680 211 721 10

223 93 308 135 146

747 92 907 129 TACITI
932 92 1269 129 HISTORIARUM

223 206 334 244 fuere
381 206 449 256 qui
488 204 730 243 trierarchos
770 205 929 243 nomine
961 203 1130 243 Neronis
1169 206 1354 244 accirent.
1408 206 1440 243 is
1479 206 1520 243 in
1558 206 1794 244 maestitiam

176 275 195 305 5
223 265 467 315 compositus
501 269 539 302 et
572 264 690 302 fidem
723 275 886 302 suorum
914 264 1112 315 quondam
1138 264 1308 302 militum
1334 265 1532 317 invocans,
1566 270 1609 303 ut
1636 276 1727 303 eum
1753 266 1793 303 in

225 324 339 363 Suria
380 329 447 362 aut
479 324 653 374 Aegypto
694 324 900 375 sisterent,
939 323 1087 362 orabat.
1138 323 1350 362 trierarchi
1381 328 1567 362 nutantes
1601 336 1671 362 seu
1704 323 1794 362 dolo

223 382 493 434 adloquendos
521 382 597 421 sibi
624 382 768 421 milites
794 388 832 421 et
858 384 1007 434 paratis
1034 384 1212 421 omnium
1239 383 1379 421 animis
1406 394 1639 422 reversuros
1666 383 1794 421 firma-

224 448 377 481 verunt.
430 442 498 481 sed
531 442 742 493 Asprenati
775 448 917 481 cuncta
951 454 998 480 ex
1031 442 1107 481 fide
1140 443 1337 494 nuntiata3
1376 443 1490 481 cuius
1523 441 1796 481 cohortatione

224 506 446 553 expugnata
491 503 599 540 navis
645 507 684 540 et
722 502 975 553 interfectus,
1014 503 1196 552 quisquis
1234 501 1299 539 ille
1339 507 1434 540 erat.
1485 507 1604 552 caput
1640 503 1795 552 insigne

224 626 455 673 pervectum
487 626 558 659 est.

154 571 197 602 10
225 561 351 601 oculis
391 573 582 612 comaque
623 566 661 600 et
700 562 885 599 torvitate
924 560 1057 599 vultus
1096 562 1136 600 in
1177 561 1307 599 Asiam
1346 566 1464 612 atque
1502 561 1594 599 inde
1632 560 1797 599 Romam

345 679 388 718 In
423 681 580 719 civitate
614 679 788 718 discordi
821 684 860 717 et
893 678 942 717 ob
975 678 1137 718 crebras
1170 680 1395 730 principum
1428 681 1667 718 mutationes
1693 680 1800 718 inter

225 739 449 779 libertatem
482 753 526 778 ac
559 739 759 777 licentiam
791 739 943 777 incerta
975 750 1116 789 parvae
1151 751 1309 790 quoque
1343 751 1406 777 res
1438 740 1591 790 magnis
1623 738 1798 777 motibus

226 799 454 851 agebantur.
506 798 643 837 Vibius
684 797 865 850 Crispus,
910 799 1079 849 pecunia
1116 800 1293 849 potentia
1331 799 1489 849 ingenio
1528 799 1633 837 inter
1671 798 1799 837 claros

227 861 350 910 magis
390 870 507 910 quam
544 859 649 896 inter
681 857 827 909 bonos,
864 857 1036 896 Annium
1069 857 1260 896 Faustum
1293 858 1492 909 equestris
1524 857 1693 910 ordinis,
1732 858 1800 909 qui

224 917 471 969 temporibus
509 916 677 956 Neronis
717 916 953 956 delationem
993 916 1257 970 factita'verat,
1297 917 1343 956 ad
1383 918 1649 968 cognitionem
1689 929 1799 955 sena-

224 983 289 1017 tus
328 977 508 1030 vocabat;
547 989 637 1015 nam
676 978 829 1015 recenti
861 975 1004 1015 Galbae
1036 978 1262 1028 principatu
1296 982 1535 1016 censuerant
1565 981 1717 1029 patres,
1756 981 1800 1015 ut

224 1042 502 1076 accusatorum
536 1048 677 1075 causae
710 1041 986 1075 noscerentur.
1036 1036 1076 1075 id
1109 1042 1270 1076 senatus
1297 1036 1524 1075 consultum
1550 1037 1655 1075 varie
1681 1037 1801 1075 iacta-

224 1103 309 1136 tum
343 1102 398 1149 et,
438 1101 556 1148 prout
589 1102 730 1146 potens
764 1095 823 1134 vel
856 1097 970 1146 inops
1003 1108 1095 1134 reus
1128 1094 1342 1149 inciderat,
1374 1096 1576 1135 infirmum
1609 1101 1676 1134 aut
1707 1094 1798 1133 vali-

271 1204 304 1236 4.
333 1200 372 1234 in
392 1199 610 1234 maestitiam
631 1198 863 1243 compositus]
890 1198 975 1232 ‘mit

225 1258 539 1292 angenommener
565 1245 792 1280 Betriibnis’.

274 1299 305 1331 5.
332 1298 374 1329 ut
399 1305 534 1329 eum—
551 1293 732 1339 szffstemu]
760 1292 833 1326 Der
860 1294 974 1327 stien-

225 1353 312 1388 gere
334 1341 668 1396 Sprachgebrauch
695 1340 843 1376 Ciceros
869 1340 974 1375 hatte

225 1401 260 1425 se
274 1390 362 1424 oder
375 1391 496 1435 ipsum
509 1389 691 1433 verlangt.
720 1388 866 1422 Ebenso
883 1399 912 1423 c.
929 1391 974 1422 64

225 1439 320 1482 quod
344 1448 493 1472 umorem
519 1438 596 1472 eius
616 1447 699 1471 mom
719 1435 914 1470 Dolabella
934 1436 975 1470 in

226 1486 500 1520 matrimonium
526 1484 738 1529 accepisset,
770 1484 813 1517 A.
839 1482 901 1527 IV,
930 1487 973 1518 67

226 1544 446 1578 quamquam
465 1533 579 1567 edicto
599 1532 807 1573 monuisset,
832 1542 876 1565 ne
896 1532 978 1575 quis

226 1582 376 1625 quietem
397 1581 474 1615 eius
488 1581 721 1623 inrumperet.
749 1578 783 1613 S.
799 1578 977 1623 Draeger,

228 1627 330 1673 Synb.
348 1632 367 1670 ξ
384 1630 437 1662 15.
479 1627 603 1662 Schon
624 1626 685 1662 bei
700 1626 812 1661 Casar
832 1626 978 1661 kommb

226 1679 257 1710 is
289 1676 348 1710 fiir
380 1676 446 1710 das
472 1674 853 1719 Reflexivpronomen
878 1673 974 1708 vier-

227 1723 398 1758 zehnmal
418 1734 494 1758 vor.
528 1722 596 1756 Die
611 1721 720 1766 Prap.
740 1722 782 1756 in
802 1720 872 1755 mit,
893 1721 977 1756 clem

227 1771 311 1806 Abl.
338 1770 408 1806 wie
435 1771 480 1806 A.
507 1770 552 1812 Il,
582 1773 624 1804 14
650 1770 746 1804 nach
773 1769 858 1803 dem
884 1768 976 1803 Vor-

228 1829 351 1864 gange
378 1818 527 1863 Vergils
554 1817 630 1851 und
658 1816 782 1852 Ovids.

277 1870 308 1902 6.
342 1869 515 1901 nutantes
550 1875 613 1900 seu
645 1864 744 1909 dolo]
778 1854 877 1898 Uber
909 1864 981 1897 den

228 1913 402 1949 VVechsel
434 1912 618 1947 zwischen
651 1912 753 1946 Part.
787 1911 864 1946 und
895 1911 980 1946 Abl.

230 1973 256 1997 s.
279 1973 321 1996 zu
342 1961 369 2005 Ι,
391 1965 447 2005 28,
474 1965 512 2002 1;
540 1961 633 1995 fiber
658 1971 720 1995 seu
748 1960 841 1994 statt
866 1969 980 1994 seu—

228 2019 290 2044 seu
315 2021 342 2043 s.
371 2021 414 2043 zu
443 2020 471 2043 c.
501 2011 532 2052 1,
563 2011 616 2042 16.

278 2061 308 2091 7.
341 2055 597 2101 firmaverunt]
633 2055 726 2089 stati,
757 2054 822 2089 des
848 2053 981 2098 Komp.

230 2105 498 2148 adfirmarunt,
531 2103 600 2138 wie
627 2102 668 2138 A.
696 2102 724 2147 I,
751 2105 806 2137 81.
834 2101 898 2145 III,
928 2104 983 2137 14.

230 2151 291 2196 VI,
314 2157 345 2187 6.
368 2155 423 2186 28.
446 2154 503 2186 50.
544 2151 595 2185 Zu
620 2160 825 2186 reversuros
852 2160 927 2194 erg.
949 2159 984 2184 se

229 2210 295 2234 aus
321 2200 403 2235 sibi.

278 2251 310 2283 8.
338 2258 382 2282 eoe
406 2247 493 2292 fide]
523 2245 776 2291 ‘get1·eulich’.

279 2299 310 2330 9.
338 2294 567 2340 expuynata]
597 2305 646 2328 sc.
675 2295 742 2328 est.

281 2346 335 2377 10.
363 2342 492 2387 oculis]
516 2353 564 2376 se.
586 2342 716 2376 caesiis
735 2344 767 2376 et
793 2340 980 2376 hebetiori-

230 2390 297 2425 bus
324 2389 440 2434 (Suet.
467 2389 553 2424 Ner.
582 2390 651 2433 51).

280 2508 339 2543 10.
373 2511 404 2542 2.
440 2508 602 2553 lieentia]
633 2507 981 2552 ‘Schrankenlosig-

230 2555 321 2600 keit,
347 2555 718 2599 Ungebundenheit’.

280 2608 312 2640 3.
348 2603 564 2648 ayebantur]
596 2603 748 2647 ‘gingen
774 2613 840 2637 vor
873 2602 981 2638 sich’.

286 2651 417 2686 Vibius
444 2650 612 2696 Crispus]
641 2661 706 2685 aus
724 2649 899 2693 Vercelli,
921 2650 981 2684 ein

231 2697 444 2734 namhafter
458 2698 606 2732 Redner
627 2697 700 2731 und
728 2697 982 2742 gefiirchtetet

231 2745 440 2791 Anklttger,
487 2745 614 2780 consul
657 2746 830 2788 suffectus
875 2746 983 2780 unter

232 2794 349 2835 Nero,
387 2796 496 2828 unter
527 2791 737 2837 Vespasian
775 2792 984 2827 Prokonsul

232 2852 305 2876 von
322 2840 460 2884 Africa,
485 2841 588 2875 starb
609 2840 842 2884 hochbetagt
862 2851 984 2885 gegen

233 2889 336 2924 Ende
370 2889 433 2923 des
461 2890 583 2923 ersten
609 2887 895 2922 Jahrhunderts.

1096 1199 1190 1233 inter
1217 1199 1334 1234 claros
1359 1199 1477 1244 mayis
1496 1210 1604 1243 quam
1623 1198 1719 1233 inter
1741 1198 1802 1232 bo-

1047 1246 1130 1291 nos]
1159 1246 1323 1281 erinnert,
1348 1246 1399 1280 im
1421 1245 1618 1280 Ausdruck
1639 1256 1687 1280 an
1712 1245 1802 1280 Sall.

1047 1293 1126 1338 Iug.
1153 1297 1174 1328 8
1213 1294 1308 1329 clari
1344 1295 1462 1339 mayis
1499 1305 1608 1338 quam
1639 1294 1778 1328 honesti
1785 1306 1798 1335 ,·

1048 1341 1126 1376 Liv.
1153 1340 1258 1385 VIII,
1285 1345 1329 1376 27
1357 1342 1451 1376 clari
1474 1342 1593 1386 maqis
1617 1341 1713 1376 inter
1733 1351 1801 1385 100-

1044 1390 1195 1432 pulares
1220 1400 1330 1434 quam
1355 1389 1504 1425 honesti.

1097 1445 1128 1478 5.
1164 1443 1379 1478 delationem
1404 1443 1595 1486 factitare,
1630 1442 1699 1476 wie
1727 1441 1802 1476 Cic.

1052 1489 1153 1524 Brut.
1183 1493 1202 1531 ἓ
1232 1493 1299 1524 130
1325 1491 1591 1525 accusationem
1617 1490 1803 1533 factitare,

1054 1538 1131 1572 ‘ein
1156 1537 1370 1572 Handwerk
1396 1549 1463 1572 aus
1490 1538 1575 1572 dem
1602 1537 1802 1582 Anklagen

1051 1585 1241 1620 maehen’.

1099 1634 1258 1678 connitio
1277 1632 1441 1679 senatus]
1459 1631 1720 1678 ‘gerichtliche
1729 1631 1803 1666 Un-

1050 1682 1284 1725 tersuchung
1308 1692 1376 1716 vor
1401 1681 1485 1715 dem
1514 1680 1658 1714 Senab’.

1102 1739 1133 1769 6.
1158 1735 1292 1787 recenti
1307 1734 1446 1769 Galbae
1463 1732 1698 1779 principatu]
1713 1733 1803 1766 31111-

1053 1781 1129 1816 lich
1150 1781 1220 1816 wie
1241 1792 1332 1817 noro
1351 1782 1572 1826 ptincipatu
1591 1780 1683 1825 (vgl.
1700 1791 1728 1814 0.
1745 1783 1801 1814 64.

1054 1829 1098 1872 V,
1128 1833 1182 1864 10.
1208 1829 1251 1863 A
1280 1830 1313 1872 Ι,
1341 1833 1373 1863 6.
1399 1828 1503 1872 XIII,
1533 1828 1586 1872 1),
1623 1839 1693 1862 nur
1725 1825 1805 1862 dass

1055 1877 1170 1911 durch
1193 1877 1325 1912 ›ecenti
1349 1856 1567 1911 bezeich’net
1591 1874 1697 1919 wird,
1724 1873 1805 1909 dass

1056 1924 1194 1959 Galbas
1215 1924 1432 1970 Regierung
1458 1923 1602 1958 damals
1629 1903 1706 1957 ers’t
1731 1921 1803 1957 seit

1055 1973 1208 2006 kuizem
1233 1972 1443 2006 bestanden
1468 1971 1575 2006 habe.
1611 1970 1722 2005 Jener
1742 1968 1804 2003 Se-

1056 2018 1333 2055 natsbeschluss
1367 2018 1428 2054 fiel
1455 2018 1534 2053 also
1560 2018 1600 2052 in
1620 2018 1680 2052 die
1707 2018 1805 2052 erste

1057 2068 1137 2102 Zeita
1163 2068 1229 2102 der
1254 2078 1376 2102 neuen
1395 2066 1504 2102 Aera.
1544 2066 1635 2100 Zum
1660 2067 1804 2109 tempo-

1057 2115 1161 2151 ralen
1176 2115 1258 2150 Abl.
1274 2115 1347 2160 vgl.
1363 2115 1425 2158 IV,
1443 2117 1461 2148 1
1476 2114 1677 2149 recentibus
1688 2113 1804 2156 odiis,-

1056 2164 1098 2198 A.
1128 2163 1180 2207 ΙΙ,
1206 2166 1252 2198 84
1286 2163 1421 2198 recenti
1453 2162 1656 2205 maestitia,·
1693 2160 1756 2203 IV,
1783 2163 1804 2194 8

1054 2191 1189 2246 recent’i
1205 2211 1345 2252 dolore;
1365 2221 1395 2246 c.
1411 2213 1454 2244 15
1474 2209 1608 2245 recenti
1620 2207 1804 2243 memoria.

1055 2258 1097 2293 In
1108 2259 1226 2303 bezug
1237 2258 1304 2293 auf
1311 2257 1546 2302 Nipperdeys
1556 2255 1806 2290 Emendation

1056 2307 1120 2341 des
1140 2306 1488 2341 handsch1.recens
1509 2302 1804 2348 s.zu1,77,13.

1103 2355 1159 2400 ut]
1194 2354 1265 2388 wie
1291 2352 1353 2397 1V,
1380 2356 1418 2395 9,
1446 2355 1478 2387 8.
1511 2355 1575 2396 40,
1602 2355 1634 2386 5.
1667 2350 1742 2385 Cic.
1770 2362 1805 2395 p.

1057 2402 1152 2437 Sest.
1180 2405 1283 2444 §74
1324 2400 1358 2435 S.
1385 2399 1481 2444 zuI,
1507 2403 1563 2444 39,
1591 2403 1623 2434 4.

1105 2460 1136 2491 7.
1164 2458 1417 2491 accusatorum
1448 2453 1596 2499 causae]
1631 2451 1716 2497 Vgl.
1742 2450 1805 2494 IV,

1055 2507 1099 2538 42
1139 2503 1387 2548 elanyuimus,
1426 2505 1554 2546 patres
1597 2499 1806 2543 conscripti,

1055 2562 1119 2586 nec
1155 2551 1232 2586 iam
1268 2551 1330 2585 ille
1365 2553 1513 2585 senatus
1555 2558 1696 2591 sumus,
1741 2547 1806 2591 qui

1056 2609 1171 2634 000180
1190 2598 1335 2633 Nerone
1361 2597 1537 2632 delatores
1561 2599 1594 2630 et
1618 2595 1806 2630 ministros

1055 2658 1151 2682 more
1170 2646 1350 2681 maiorum
1355 2644 1581 2696 puniendos
1600 2642 1803 2688 flaqitabat.

1102 2701 1204 2735 varie
1222 2698 1417 2744 iactatum]
1437 2697 1527 2733 bald
1546 2695 1803 2743 gehandhabt,

1055 2747 1145 2783 bald
1171 2745 1362 2792 ignoriert

1105 2799 1136 2831 8.
1159 2796 1212 2830 vel
1226 2815 1269 2820 —
1286 2793 1367 2839 aut]
1386 2791 1657 2827 willkurlicher
1669 2790 1805 2825 Wech-

1058 2843 1111 2877 sel
1137 2843 1203 2878 der
1228 2840 1505 2885 Konjunktion,
1533 2839 1602 2875 wie
1629 2850 1659 2873 c.
1687 2842 1743 2881 68,
1770 2842 1804 2872 4.

1059 2890 1093 2925 S.
1121 2903 1164 2925 zu
1191 2902 1220 2926 c.
1250 2894 1280 2935 1,
1308 2892 1340 2924 2.
