1875 3214
231 86 315 128 176
751 85 911 121 ΤΑΟΙΤΙ
935 85 1276 122 HISTORIARUM

234 210 334 250 quae
362 202 503 236 cuncta
529 198 569 235 in
597 197 722 236 oculis
748 198 958 248 utriusque
985 198 1184 236 exercitus
1212 202 1358 248 quanto
1384 197 1546 236 laetiora
1571 197 1800 252 Vitellianis,
1862 218 1864 231 ·

160 266 204 298 10
231 262 339 297 tanto
374 257 504 295 acrius
537 255 749 295 Othoniani
780 269 939 296 causam
971 262 1254 307 auctoremque
1286 256 1407 296 cladis
1440 257 1749 297 detestabantur.

157 315 213 358 36
348 315 398 354 Et
429 315 626 367 proelium
659 316 819 367 quidem
851 316 1048 368 abruptis,
1087 328 1187 367 quae
1221 321 1474 368 supererant,
1509 316 1675 356 navibus
1707 317 1798 369 fuga

229 376 487 426 diremptum:
537 374 668 414 Macer
719 378 776 415 ad
824 377 987 415 exitium
1037 374 1294 427 poscebatur,
1344 377 1499 426 iamque
1548 375 1799 415 vulneratum

230 437 386 474 eminus
424 434 557 473 lancea
597 436 745 474 strictis
785 435 924 486 gladiis
957 436 1199 486 invaserant,
1238 447 1328 473 cum
1360 436 1588 474 intercursu
1620 435 1797 475 tribuno-

230 507 320 534 rum
358 495 717 545 centurionumque
755 496 990 545 protegitur.
1047 506 1120 533 nec
1159 493 1282 532 multo
1321 500 1411 545 post
1442 493 1660 533 Vestricius
1699 494 1797 546 Spu-

183 564 203 594 5
230 556 345 592 rinna
383 555 495 592 iussu
535 553 700 592 Othonis
740 554 878 592 relicto
917 553 1140 592 Placentiae
1179 553 1332 592 modico
1370 554 1568 604 praesidio
1608 566 1699 593 cum
1736 566 1798 593 co-

231 613 415 652 hortibus
460 612 654 652 subvenit.
718 613 810 651 dein
854 612 1030 651 Flavium
1073 612 1260 651 Sabinum
1305 613 1508 652 consulem
1553 613 1802 664 designatum

231 672 334 712 Otho
375 678 574 711 rectorem
612 673 737 723 copiis
776 673 900 724 misit,
941 672 1085 724 quibus
1117 671 1248 711 Macer
1286 673 1527 725 praefuerat,
1566 678 1605 711 et
1639 673 1688 712 ad
1719 685 1802 712 mu-

231 734 409 771 tationen
448 732 593 770 ducum
632 731 734 770 laeto
772 731 896 770 milite
929 737 969 770 et
1000 731 1169 770 ducibus
1202 731 1251 770 ob
1284 731 1444 771 crebras
1477 732 1692 771 seditiones
1724 737 1804 771 tam

230 792 414 830 infestam
446 791 624 830 militiam
658 790 974 842 aspernantibus.

158 849 213 890 37
353 850 514 889 Invenio
566 850 668 902 apud
720 851 910 902 quosdam
961 856 1144 890 auctores
1196 862 1338 901 pavore
1390 850 1483 889 belli
1532 863 1600 889 seu
1647 850 1804 889 fastidio

235 912 444 961 utriusque
483 911 694 962 principis,
733 922 904 961 quorum
942 910 1087 961 flagitia
1111 920 1168 948 ‘ac
1207 909 1380 948 dedecus
1418 910 1616 961 apertiore
1648 911 1689 948 in
1722 909 1805 949 dies

234 971 335 1008 fama
374 968 659 1022 noscebantur,
698 969 901 1008 dubitasse
940 971 1156 1021 exercitus,
1195 981 1290 1008 num
1328 971 1458 1019 posito
1496 970 1712 1008 certamine
1745 968 1806 1008 vel

236 1030 312 1080 ipsi
344 1030 383 1067 in
416 1029 589 1067 medium
622 1028 906 1080 consultarent,
939 1029 998 1067 vel
1031 1030 1186 1068 senatui
1217 1029 1496 1079 permitterent
1527 1028 1658 1080 legere
1683 1030 1805 1080 impe·
1857 1057 1859 1060 .

189 1097 209 1129 5
237 1093 427 1141 ratorem,
472 1093 589 1140 atque
635 1101 680 1127 eo
720 1088 842 1127 duces
880 1087 1122 1127 Othonianos
1162 1090 1332 1139 spatium
1371 1100 1414 1126 ac
1453 1100 1583 1126 moras
1622 1088 1808 1141 suasisse,

234 1149 447 1200 praecipua
489 1160 558 1199 spe
596 1147 768 1200 Paulini,
809 1148 913 1199 quod
952 1148 1245 1187 vetustissimus
1284 1147 1553 1186 consularium
1592 1152 1631 1186 et
1667 1147 1807 1187 militia

236 1207 367 1247 clarus
400 1207 565 1259 gloriam
597 1220 822 1259 nomenque
850 1207 1090 1246 Britannicis
1116 1207 1435 1258 expeditionibus
1460 1208 1684 1246 meruisset.
1735 1218 1806 1258 ego

236 1310 347 1355 Verg.
381 1320 509 1355 georg.
544 1310 575 1353 I,
612 1314 681 1345 104
718 1310 808 1355 quid
852 1310 983 1352 dicam,
1058 1308 1119 1345 die
1133 1309 1343 1354 Ereignisse
1368 1309 1481 1344 sowie
1502 1309 1576 1344 den
1594 1307 1807 1344 Riickblick

234 1359 329 1393 iacto
355 1358 419 1402 qui
444 1358 576 1393 semine
595 1359 794 1393 comminus
814 1369 907 1392 arva
925 1358 984 1392 in-
1057 1357 1123 1391 auf
1152 1357 1211 1392 die
1241 1356 1515 1403 Biirgerkriege
1550 1356 1616 1392 der
1645 1357 1808 1401 republi-

232 1404 422 1451 sequitur?
1057 1405 1262 1440 kanischen
1306 1404 1386 1440 Zeit
1437 1403 1630 1440 derselben
1649 1417 1661 1424 ·
1676 1404 1807 1447 Quelle

283 1457 315 1488 9.
342 1455 383 1488 in
409 1453 540 1499 oculis]
567 1464 593 1488 s,
622 1465 667 1487 zu
692 1452 719 1497 I,
747 1457 804 1496 37,
834 1457 887 1488 10.
1058 1452 1245 1495 entlehnt,
1285 1451 1346 1487 die
1381 1452 1478 1487 Plut.
1505 1450 1547 1487 Ο.
1574 1455 1594 1487 9
1633 1451 1808 1487 benutzte

280 1502 471 1546 utriusque
503 1500 698 1546 excercitus]
728 1500 808 1535 ‘des
840 1500 983 1535 beider-
1057 1501 1281 1545 (Mommsen
1312 1499 1365 1534 im
1389 1498 1546 1534 Hermes
1571 1499 1622 1534 IV
1649 1499 1684 1535 S.
1713 1500 1807 1544 308),

234 1548 393 1593 seitigen
426 1547 692 1593 Kriegsvolkes
705 1549 728 1584 ⁷.
780 1548 829 1582 Es
859 1559 984 1583 waren
1057 1548 1134 1582 und
1152 1547 1202 1582 ist
1221 1547 1260 1582 in
1280 1546 1345 1582 der
1366 1546 1487 1581 damit
1505 1547 1558 1581 im
1571 1547 1805 1582 Zusammen-

234 1608 302 1630 nur
328 1595 559 1630 debachierte
588 1595 713 1641 Corps.
1058 1596 1160 1640 hang
1186 1594 1393 1630 stehenden
1412 1595 1604 1630 Reflexion
1624 1594 1717 1629 iiber
1737 1594 1810 1629 den

282 1643 451 1689 laetiora]
478 1654 526 1679 sc.
558 1646 674 1678 erant.
1058 1642 1446 1688 Entwicklungsgang
1489 1643 1555 1677 der
1597 1641 1809 1678 romischen

1059 1690 1284 1725 Geschichte
1305 1700 1416 1735 sogar
1435 1691 1488 1724 im
1510 1689 1722 1725 Wortlaute
1742 1690 1808 1725 der

1058 1737 1300 1782 Darstellung
1327 1736 1486 1773 Sallusts
1512 1737 1669 1783 gesolgt.

1106 1789 1137 1821 3.
1174 1785 1279 1831 num]
1311 1785 1350 1819 in
1386 1785 1452 1819 der
1485 1784 1706 1828 Bedeutung
1743 1784 1808 1819 ‘ob

1058 1832 1176 1867 nieht’
1207 1832 1303 1867 nach
1328 1832 1498 1867 dubitare
1522 1830 1561 1866 in
1582 1832 1648 1866 der
1666 1831 1809 1866 Bedeu-

1058 1881 1152 1924 tung
1168 1880 1367 1924 ‘erwagem
1388 1879 1605 1923 iiberlegen'
1629 1880 1674 1921 (c.
1690 1882 1748 1924 33,
1763 1880 1811 1924 8).

283 1762 345 1796 36.
381 1766 410 1796 1.
445 1761 631 1807 abruptis]
659 1761 692 1796 d.
720 1761 743 1796 i.
770 1772 837 1806 per
862 1761 939 1796 vim
965 1772 984 1796 e

236 1809 407 1844 manibus
441 1809 708 1844 Germanorum
746 1820 891 1854 puppes
930 1820 984 1843 re-

236 1856 466 1892 tentantium
482 1857 679 1899 detractam,
701 1857 870 1902 dagegen
886 1860 984 1891 w'are

236 1905 396 1950 abreptis
423 1917 449 1940 s.
478 1918 512 1939 v.
540 1916 572 1939 a.
599 1904 737 1948 raptim
763 1904 947 1939 abductis.
1107 1931 1140 1962 4·
1167 1928 1209 1962 m
1234 1926 1409 1972 medium]
1437 1938 1463 1960 S·
1492 1937 1538 1960 zu
1564 1937 1582 1961 c
1621 1929 1654 1969 5,
1683 1930 1739 1962 10·

285 1957 316 2035 Ξ·
334 1952 764 2046 ssggsseifflnsfflzzhiojunffs
780 1955 853 2034 {¹3⁶1
882 2003 924 2034 77
953 2003 985 2034 9·
1103 1975 1310 2028 permittere
1335 1974 1406 2008 mit
1431 1974 1515 2009 dem
1541 1973 1610 2028 Inf,
1637 1973 1708 2009 wie
1735 1973 1809 2009 Cic.

286 2029 465 2083 consulem
491 2048 739 2093 desiynatum]
767 2028 899 2082 Zusa'tz
926 2026 989 2081 {ur
1060 2034 1206 2114 {3:²1ss
1229 2021 1398 2113 ἕῗὲῌῖ
1424 2025 1541 2113 Ξ3ῗ27·
1571 2020 1648 2056 LN'
1678 2020 1808 2066 XXIV’

241 2095 562 2149 Untersclfflidung
599 2106 686 2130 vom
727 2094 988 2139 Stadtprafek-
1111 2122 1143 2154 5·
1170 2118 1223 2162 30]
1251 2129 1279 2152 S.
1306 2117 1391 2152 zu]
1431 2120 1474 2152 13
1516 2120 1571 2152 13,

236 2146 301 2178 ten
326 2143 492 2188 glelches
518 2143 694 2178 Namens.
1108 2164 1286 2211 Spatium]
1317 2145 1415 2199 ‘0111’3
1441 2144 1588 2199 Pfi’mse’,

286 2193 514 2273 ‘largam-em
540 2190 672 2272 copul}
695 2202 721 2224 S·
743 2203 787 2225 zu
808 2191 834 2233 I’
856 2193 913 2235 22⁷
932 2193 986 2225 10·
1111 2217 1143 2248 6.
1158 2213 1421 2248 vetustissimus
1434 2211 1701 2258 consularium]
1717 2211 1811 2246 Pau-

286 2250 309 2273 α
337 2238 355 2320 ]ῖ
379 2250 405 2273 S'
434 2250 477 2272 zu
504 2249 533 2272 ρ’
562 2243 594 2281 8’
671 2267 677 2273 ·
720 2286 747 2320 -b
830 2284 863 2318 Κ
934 2284 968 2319 d·
1061 2261 1161 2296 linus
1180 2261 1287 2295 hatte
1309 2264 1329 2295 3
1350 2259 1462 2294 Jahre
1484 2270 1598 2295 zuvor
1623 2259 1690 2294 das
1711 2259 1812 2294 Kon—

286 2290 317 2339 8·'
357 2290 434 2321 aeto
451 2290 724 2340 '‘aspemam'
750 2285 810 2331 us]
866 2296 931 2338 qu
959 2297 986 2365 ἴ
1061 2309 1160 2345 sulat
1192 2319 1275 2342 zum
1308 2307 1463 2342 zweiten
1489 2306 1588 2341 Male
1621 2306 1813 2342 bekleidet

238 2335 366 2368 namon
404 2344 475 2368 von
507 2333 591 2379 Ad}
624 2334 700 2368 und
733 2334 831 2368 Part·
864 2343 933 2367 ΜΘ
978 2360 986 2375 ’
1062 2357 1120 2400 (A.
1146 2355 1244 2398 XVI,
1273 2357 1348 2398 14);
1382 2353 1460 2390 sein
1487 2355 1602 2389 erstes
1627 2353 1813 2389 Konsulat

240 2384 295 2424 79'
322 2384 378 2415 24‘
1060 2401 1812 2485 falltJnachBorghesisUntersuchungen

1061 2452 1118 2486 ins
1171 2480 1177 2486 .
1204 2454 1261 2485 42.
1653 2485 1655 2488 Α

1111 2503 1142 2534 7.
1157 2499 1313 2544 yloriam
1325 2497 1538 2544 nomenque]
1549 2497 1673 2532 ‘einen
1687 2496 1812 2531 ruhm-

1063 2546 1188 2581 vollen
1213 2545 1386 2581 Namen’.

1111 2594 1346 2628 Britannicis
1377 2591 1684 2638 eaepeclitionibus]
1713 2604 1739 2627 s.
1766 2590 1810 2626 A.

1063 2641 1159 2684 XIV,
1186 2644 1338 2676 29—39.
1364 2640 1452 2685 Agr,
1481 2644 1512 2675 5.
1543 2644 1597 2676 16.

1023 2723 1025 2725 ,
1109 2688 1312 2734 meruisset]
1342 2687 1438 2723 ‘sich
1462 2687 1650 2731 verdient,
1677 2697 1807 2722 erwor-

1060 2737 1133 2771 ben
1159 2736 1294 2773 hatte’.
1334 2735 1481 2771 Ebenso
1496 2746 1525 2770 c.
1543 2739 1599 2778 31,
1614 2738 1647 2769 2.
1673 2734 1715 2769 A.
1731 2733 1811 2778 XV,

1062 2789 1082 2819 6
1109 2788 1166 2820 ut.
1183 2813 1190 2820 .
1207 2782 1380 2819 ‚Corbulo
1404 2784 1553 2818 meritae
1578 2786 1630 2818 tot
1648 2793 1718 2827 per
1743 2792 1812 2816 om-

287 2831 350 2866 37.
386 2831 429 2865 In
460 2831 601 2866 diesem
631 2831 707 2866 und
733 2831 818 2866 dem
844 2832 986 2876 folgen—
1060 2842 1126 2867 nos
1143 2832 1282 2877 yloriae
1301 2841 1376 2866 non
1397 2831 1499 2866 ulbra
1519 2831 1728 2875 periculum
1752 2829 1810 2873 fa-

241 2878 312 2913 den
332 2879 425 2923 Kap.
447 2878 514 2914 hat
533 2879 618 2914 Tac.
635 2879 705 2914 den
725 2879 876 2914 Bericht
895 2881 987 2915 iiber
1061 2883 1170 2922 emet,-
1197 2880 1284 2924 Agr.
1309 2883 1330 2913 4
1355 2879 1471 2923 iisque
1495 2878 1588 2923 ipsis
1612 2877 1814 2913 virtutibus

286 2431 362 2463 tam
398 2428 586 2474 infestam]
628 2428 714 2463 ‘von
753 2439 791 2463 so
830 2427 989 2462 bedroh-

240 2474 377 2510 lichem
411 2475 646 2510 Charakter’.
698 2476 864 2519 Infestus
896 2474 988 2509 wird

240 2533 314 2557 von
357 2523 612 2567 personlicher
654 2522 881 2568 Bedrohung
924 2534 987 2567 ge-

238 2570 414 2614 braucht,
454 2570 596 2605 sowohl
634 2570 820 2615 aktivisch
854 2588 898 2599 =
929 2570 989 2604 ‘in

239 2616 463 2652 feindlicher
483 2618 642 2653 Absicht
660 2618 858 2663 geriehtet'
882 2619 924 2662 (S.
946 2629 989 2652 zu

240 2664 267 2709 I,
283 2669 340 2710 31,
356 2667 427 2709 15),
455 2665 511 2699 als
531 2665 738 2710 passivisch
760 2683 803 2694 =
826 2665 988 2711 ‘gefahr-

240 2713 314 2757 det,
342 2712 530 2748 bedroht’.
