1875 3214
597 117 743 152 LIBER
768 118 795 153 I.
840 117 943 154 CAP.
971 122 1121 153 71—73.

77 229 218 270 deinde
269 230 488 282 avaritiam,
541 228 669 268 virilia
716 228 884 281 scelera,

1561 117 1645 159 109

939 230 1135 281 exercuit,
1190 234 1379 280 corrupto
1430 229 1478 267 ad
1529 241 1645 267 omne
1672 237 1692 268 5

76 290 229 329 facinus
260 288 436 341 Nerone,
482 288 671 340 quaedam
712 289 849 339 ignaro
889 300 1008 327 ausus
1047 301 1092 327 ac
1124 294 1325 339 postremo
1365 289 1542 328 eiusdem
1582 288 1646 327 de-

75 354 206 388 sertor
238 360 282 387 ac
313 348 511 400 proditor:
543 348 648 387 unde
680 359 760 386 non
792 346 911 386 alium
944 349 1187 398 pertinacius
1220 348 1267 387 ad
1300 360 1468 399 poenam
1500 348 1647 399 flagita-

75 419 185 460 vere,
218 407 374 446 diverso
407 407 583 459 adfectu,
617 406 761 458 quibus
794 407 929 445 odium
955 406 1125 445 Neronis
1152 408 1280 446 inerat
1306 413 1346 446 et
1375 407 1518 459 quibus
1547 407 1647 446 desi-

74 467 241 506 derium.

303 467 406 518 apud
451 466 611 506 Galbam
656 466 734 504 Titi
778 465 881 504 Vinii
925 467 1102 516 potentia
1148 466 1335 505 defensus
1379 468 1647 518 praetexentis

75 530 271 566 servatam
303 526 350 565 ab
384 538 429 565 eo
456 526 587 565 filiam.
631 525 735 564 haud
760 525 878 572 dubie
900 530 1125 564 servaverat
1151 538 1230 564 non
1257 525 1476 578 clementia,
1502 527 1647 578 quippe
1677 534 1720 565 10

74 590 135 625 tot
170 585 409 637 interfectis,
453 586 522 624 sed
561 586 748 637 effugium
791 586 833 623 in
871 586 1069 637 futurum,
1112 586 1203 636 quia
1240 587 1438 635 pessimus
1477 587 1646 637 quisque

76 644 294 684 diffidentia
326 646 597 696 praesentium
629 645 890 684 mutationem
922 657 1069 696 pavens
1102 643 1290 683 adversus
1329 644 1534 695 publicum
1567 645 1647 683 odi-

76 716 144 743 um
174 705 367 755 privatam
399 706 564 756 gratiam
596 710 822 757 praeparat3
861 704 967 743 unde
1000 703 1107 743 nulla
1148 705 1400 742 innocentiae
1433 716 1546 756 cura,
1579 704 1648 742 sed

75 765 182 803 vices
213 761 475 815 impunitatis.

538 776 583 803 eo
616 764 808 803 infensior
840 763 1034 816 popuIUS,
1074 763 1203 802 addita
1237 763 1284 802 ad
1316 768 1430 802 vetus
1465 762 1650 814 Tigellini

75 822 212 871 odium
234 825 389 862 recenti
402 823 481 863 Titi
500 823 605 862 Vinii
623 823 789 874 invidia,
822 835 1063 862 concurrere
1084 835 1131 861 ex
1158 828 1240 861 tota
1267 822 1366 861 urbe
1393 824 1433 861 in
1454 822 1648 861 Palatium
1677 830 1718 861 15

76 894 121 921 ac
154 882 258 934 fora,
291 887 330 921 et
362 882 431 922 ubi
462 883 633 934 plurima
665 882 771 933 vulgi
803 881 979 934 licentia,
1012 884 1053 921 in
1086 884 1236 921 circum
1270 894 1314 921 ac
1346 882 1499 921 theatra
1534 882 1649 921 effusi

77 941 278 980 seditiosis
310 942 474 981 vocibus
508 949 704 994 strepere,
743 941 869 981 donec
901 942 1119 993 Tigellinus
1158 948 1319 993 accepto
1353 942 1457 992 apud
1488 941 1648 980 Sinues-

76 1012 190 1040 sanas
217 1012 338 1052 aquas
360 1014 568 1054 supremae
588 1002 840 1040 necessitatis
867 1003 1006 1040 nuntio
1036 1003 1140 1040 inter
1171 1007 1307 1052 stupra
1335 1000 1647 1040 concubinarum

74 1065 115 1099 et
146 1060 281 1099 oscula
318 1066 358 1100 et
390 1061 588 1100 deformes
618 1073 750 1100 moras
783 1062 902 1099 sectis
934 1060 1124 1100 novacula
1156 1059 1337 1099 faucibus
1376 1060 1564 1099 infamem
1596 1061 1649 1099 vi-

75 1125 156 1158 tam
188 1119 358 1159 foedavit
389 1122 507 1160 etiam
540 1122 649 1160 exitu
682 1133 770 1159 sero
804 1125 843 1159 et
874 1120 1095 1159 inhonesto.

193 1179 271 1218 Per
302 1180 406 1219 idem
440 1187 596 1232 tempus
630 1179 877 1231 expostulata
909 1180 956 1218 ad
996 1179 1235 1231 supplicium
1263 1179 1391 1218 Calvia
1422 1178 1648 1230 Crispinilla
1666 1177 1720 1219 73

78 1239 198 1277 variis
230 1238 558 1279 frustrationibus
591 1245 630 1278 et
662 1239 826 1278 adversa
859 1239 1143 1278 dissimulantis
1175 1240 1369 1290 principis
1408 1239 1508 1277 fama
1548 1240 1650 1290 peri-

79 1388 250 1433 gestellt,
302 1389 476 1434 obgleioh
518 1401 588 1424 nur
631 1389 825 1434 gei-ingere

78 1435 374 1471 Handschriften
388 1436 490 1472 diese
502 1437 675 1481 Stellung
687 1437 825 1472 bieten.

125 1486 158 1519 5.
191 1484 321 1519 virilia
351 1484 501 1530 scelera]
538 1484 827 1520 ‘Frevelthaten

77 1542 152 1566 von
182 1532 416 1567 mannlicher
441 1532 575 1567 Natur’
604 1530 657 1566 im
683 1530 827 1577 Gegen-

78 1579 156 1612 satz
190 1589 254 1612 zur
278 1578 565 1614 Unsittlichkeit
591 1580 740 1625 (vitiis),
768 1580 827 1614 die

79 1625 136 1659 als
180 1625 400 1661 weibisches
439 1627 572 1661 Laeter
615 1627 830 1662 betrachtet

79 1671 184 1707 wird.
231 1672 283 1708 Zu
308 1674 434 1709 hohen
459 1674 626 1709 Wfirden
651 1675 828 1719 gelangte

82 1719 290 1765 Tigellinus
311 1720 428 1756 durch
441 1721 739 1765 Unsittlichkeit,
758 1723 828 1756 wie

78 1766 179 1801 denn
197 1767 284 1803 Tac.
304 1780 378 1803 von
397 1769 476 1803 ihm
489 1772 532 1803 A.
547 1769 644 1812 XIV,
660 1773 703 1804 51
727 1770 827 1814 sagt:

78 1815 240 1851 validior
266 1815 469 1862 Tigellinus
499 1817 541 1850 in
571 1817 694 1852 animo
720 1818 829 1862 prin-

79 1862 173 1907 cipis
203 1866 237 1898 et
266 1863 408 1898 intimis
440 1864 658 1899 libidinibus
683 1866 827 1900 adsum-

72 1913 183 1955 pta-Q·
203 1910 330 1955 spater
343 1911 498 1947 verfibte
513 1923 552 1946 er
572 1912 667 1947 auch
682 1912 829 1947 Thaten

77 1957 144 1992 der
182 1956 445 1994 Grausamkeit
487 1959 564 1994 und
602 1959 828 2005 Rachsucht,

78 2004 140 2039 die
164 2015 251 2040 man
277 2006 397 2041 einem
419 2017 459 2041 so
479 2006 707 2042 weibischen
726 2008 828 2043 Men-

80 2052 194 2134 scplen
239 2064 306 2098 gar
349 2053 455 2088 nicht
500 2054 605 2089 hatte
651 2056 828 2090 zutrauen

78 2110 120 2135 so
152 2110 208 2135 en.

128 2150 159 2181 6.
187 2148 344 2183 desertor
364 2159 408 2183 ae
422 2149 610 2195 proditor]
625 2149 695 2184 wie
710 2149 755 2194 II,
770 2153 828 2193 44,

78 2197 112 2229 8.
138 2194 181 2229 A.
207 2194 253 2239 II,
282 2199 341 2239 103
370 2208 396 2230 s.
425 2208 470 2230 zu
497 2207 526 2231 c.
554 2200 611 2239 46,
640 2200 694 2231 12.

129 2246 160 2277 7.
186 2242 298 2288 unde]
324 2242 393 2278 wie
414 2243 453 2278 Z.
471 2247 513 2278 13
529 2261 573 2272 =
590 2244 722 2279 ‘daher
740 2244 827 2279 kam

79 2300 118 2325 es
143 2288 254 2333 dafs'3
282 2301 310 2326 S.
336 2303 381 2325 zu
407 2302 436 2325 c.
467 2295 521 2334 19,
549 2295 580 2327 1.

128 2340 160 2372 8.
173 2337 313 2373 diverso
324 2339 486 2384 adfectu]
494 2339 617 2373 *unter
626 2340 827 2384 entgegen-

81 2384 273 2429 gesetzten
298 2385 601 2431 Empfindungen
627 2386 732 2421 derer
752 2387 827 2429 —';

79 2431 154 2477 vgl.
182 2443 211 2466 c.
242 2436 297 2476 15,
324 2437 380 2468 26.
408 2437 464 2477 83,
492 2437 522 2467 7.
550 2432 612 2476 IV,
640 2437 696 2477 31,
724 2437 755 2480 5:

129 2483 160 2514 9.
189 2479 310 2526 Vinii]
337 2493 364 2517 e.
392 2492 491 2522 zuo
522 2484 576 2525 13,
607 2485 636 2515 1.
662 2502 705 2506 —
730 2482 830 2516 Uber

81 2527 250 2570 defensus
276 2530 339 2572 (sc.
360 2530 430 2573 est)
458 2541 484 2563 s.
507 2540 551 2562 zu
571 2539 601 2562 c.
623 2531 679 2573 58,
701 2532 733 2563 5.

131 2578 185 2610 10.
218 2575 351 2622 filiam]
380 2574 587 2620 Crispinam
615 2577 659 2619 (c.
680 2580 736 2620 47,
759 2578 830 2621 10).

127 2623 262 2667 quippe
287 2639 331 2652 =
357 2626 480 2669 utpote
506 2621 604 2657 steht
630 2623 727 2668 hier,
763 2625 832 2658 mit

79 2668 166 2703 dem
185 2669 270 2706 Abl.
292 2671 369 2705 abs.
391 2670 616 2713 verbunden,
642 2670 681 2705 in
702 2670 830 2705 erwei-

80 2716 197 2752 terter
216 2717 401 2762 Analogie
423 2718 487 2757 des
507 2718 651 2753 alteren
672 2717 831 2762 Sprach-

83 2763 303 2806 gebrauchs.
330 2764 415 2811 Vgl.
431 2766 505 2801 Cic.
521 2765 566 2800 de
580 2765 641 2800 fin.
657 2764 673 2798 Ι
687 2769 706 2807 ξ
722 2769 766 2801 20
780 2767 833 2801 sot

24 2831 30 2839 ·
82 2810 291 2847 Democrito
321 2824 477 2858 magnus
508 2813 668 2855 videtur,
700 2814 833 2858 quippe

84 2858 223 2895 homini
248 2860 402 2896 erudito.
446 2861 535 2895 Hor.
564 2860 621 2895 od.
649 2861 676 2903 1,
704 2865 759 2904 31,
787 2865 830 2895 13

83 2905 184 2941 steht
207 2918 245 2942 es
268 2907 368 2942 beim
398 2907 634 2954 appositiven
655 2908 829 2954 Particip.

950 1393 1002 1424 11.
1031 1388 1222 1434 effzcyium]
1247 1388 1318 1423 ‘als
1339 1387 1464 1424 Mittei
1483 1401 1546 1423 zur
1563 1388 1651 1424 Ret-

899 1438 994 1481 tung
1020 1439 1100 1482 (vor
1128 1436 1293 1481 Strafe)⁷,
1322 1437 1403 1471 also
1433 1437 1502 1471 ‘als
1529 1437 1650 1472 Rfiek-

900 1484 1010 1519 halt’.
1051 1484 1085 1519 S.
1113 1495 1157 1518 zu
1184 1495 1213 1519 c.
1241 1487 1298 1527 44,
1328 1488 1380 1518 12.

948 1532 990 1566 in
1008 1531 1191 1578 futurum]
1209 1532 1278 1566 wie
1291 1531 1333 1566 A.
1346 1531 1409 1575 IV,
1422 1535 1476 1566 37.
1505 1531 1602 1568 Dial.
1617 1535 1650 1568 4.

952 1583 1005 1614 13.
1031 1580 1221 1624 privatam
1246 1580 1406 1623 qratiam
1426 1579 1648 1625 praeparat]

905 1626 1148 1662 ‘Beliebtheit
1182 1627 1305 1671 (gutes
1337 1626 1651 1671 Einvernehmen>

901 1673 963 1709 bei
989 1674 1180 1709 einzelnen
1207 1674 1288 1708 sich
1313 1685 1464 1718 vorweg
1484 1674 1549 1718 (im
1568 1685 1651 1709 vor-

903 1723 984 1765 ans)
1011 1734 1055 1756 zu
1081 1721 1312 1756 verschaffen
1339 1721 1477 1758 sucht'.

943 1768 1651 1815 innocentia]‘Schuldlosigkeit’,eigtl.

904 1817 1085 1852 ‘Freisein
1110 1828 1184 1852 von
1215 1815 1500 1861 strafwiirdigen
1526 1817 1652 1852 Hand-

901 1865 1052 1910 lungen,
1079 1864 1467 1899 Unbescholtenheit'.
1494 1863 1538 1898 A.
1554 1864 1651 1909 XIV,

903 1915 945 1947 51
973 1923 1112 1957 seynem
1138 1912 1404 1953 innocentiam;
1429 1911 1475 1945 H.
1489 1912 1515 1956 Ι,
1532 1915 1575 1947 56
1595 1922 1651 1947 so—

902 1961 1030 1996 cordia
1054 1961 1239 1995 innocens.

952 2012 1005 2042 14.
1031 2008 1126 2043 vices
1151 2006 1401 2051 impunitatis]
1432 2006 1652 2051 ‘Gegensei-

900 2055 1040 2100 tigkeit
1082 2056 1147 2089 der
1185 2053 1503 2099 Straflosigkeit’,
1549 2054 1582 2090 d.
1615 2054 1649 2088 h.

903 2102 1214 2147 ‘wechselseitige
1243 2101 1593 2146 Strafloshaltung’.

952 2153 1005 2185 15.
1026 2150 1172 2185 invidia
1192 2148 1315 2193 passiv
1339 2149 1420 2183 ‘das
1435 2148 1651 2183 Unbeliebt-

903 2198 991 2241 sein,
1014 2197 1072 2232 die
1094 2196 1412 2241 Mifsliebigkeit’‚
1433 2196 1503 2230 wie
1526 2196 1651 2232 ofters.

952 2249 1006 2280 16.
1035 2244 1136 2290 fora]
1166 2244 1288 2279 ausser
1314 2244 1398 2278 dem
1430 2244 1552 2286 forum
1577 2243 1651 2278 Ro-

901 2304 1051 2327 manum
1076 2292 1173 2326 noch
1198 2292 1321 2335 forum
1347 2291 1566 2336 Augustum,
1593 2292 1650 2326 bo-

901 2341 1036 2381 arium,
1062 2340 1248 2374 olitorium
1274 2340 1342 2374 etc.

953 2391 968 2421 1
976 2391 1005 2421 7.
1019 2387 1265 2422 Sinuessanas
1275 2386 1407 2432 aquas]
1417 2386 1467 2420 Zu
1477 2385 1651 2421 Sinuessa

902 2435 939 2469 in
968 2434 1196 2479 Campanien
1222 2445 1345 2469 waren
1371 2434 1446 2469 viel
1474 2434 1651 2469 besuchte

903 2493 1040 2517 warme
1066 2482 1186 2517 Bader
1213 2483 1268 2526 (A.
1296 2481 1376 2525 XII,
1405 2485 1476 2524 66).

953 2533 1006 2565 18.
1018 2540 1216 2574 ,supremae
1228 2529 1467 2575 necessitatis]
1486 2529 1575 2573 ‘dei-2
1586 2539 1651 2562 une

903 2577 1194 2612 vermeidlichen
1208 2576 1349 2612 letzten
1361 2577 1528 2611 Stunde’.
1551 2575 1652 2610 Uber

904 2624 1032 2660 diesen
1051 2624 1341 2669 Euphemismus
1361 2636 1388 2659 s.
1409 2636 1452 2658 zu
1474 2635 1503 2658 c.
1525 2628 1556 2665 3,
1578 2627 1610 2657 4.

955 2719 1016 2755 73.
1041 2723 1073 2753 2.
1094 2720 1210 2755 variis
1229 2718 1550 2762 frustrationibus]
1571 2717 1649 2751 ‘un-

905 2769 962 2802 ter
976 2766 1266 2812 mannigfachen
1286 2765 1558 2807 Ausfliichten⁷3
1575 2763 1648 2808 vgl.

904 2814 999 2849 Just.
1026 2814 1089 2859 IX,
1117 2818 1149 2857 6,
1176 2819 1196 2849 8
1229 2825 1309 2849 cum
1343 2813 1459 2847 variis
1490 2813 1650 2854 frustra-

904 2862 1065 2897 tionibus
1091 2863 1300 2905 differretur
1326 2860 1566 2904 (Pausanias).

953 2910 1106 2945 adversa
1141 2909 1258 2953 fama]
1290 2907 1378 2942 ‘auf
1410 2906 1550 2943 Kosten
1586 2907 1649 2941 des
