1875 3214
601 118 747 153 LIBER
773 119 800 154 I.
846 117 947 153 CAP.
976 121 1129 152 84—85.

1566 114 1651 156 125

78 240 187 274 muta
218 234 293 272 ista
326 238 365 271 et
396 232 568 270 inanima
600 229 840 269 intercidere
874 242 918 268 ac
951 230 1129 280 reparari
1161 229 1359 280 promisca
1386 233 1495 267 sunt:
1529 234 1654 266 aeter-

80 295 182 333 nitas
213 304 350 331 rerum
383 297 422 330 et
454 303 528 342 pax
562 291 740 341 gentium
772 295 811 328 et
843 301 928 328 mea
962 301 1052 328 cum
1084 295 1216 327 vestra
1250 288 1355 327 salus
1382 287 1653 326 incolumitate

79 358 240 392 senatus
271 352 464 391 firmatur.
514 351 621 389 hunc
653 350 856 400 auspicato
891 361 910 387 3
942 353 1107 400 parente
1142 354 1181 387 et
1213 348 1419 387 conditore
1447 346 1558 386 urbis
1585 358 1654 385 no-

80 418 185 451 strae
217 413 445 450 institutum
479 417 518 449 et
550 423 569 449 3
603 409 765 461 regibus
798 420 925 460 usque
958 407 1004 446 ad
1037 409 1241 459 principes
1271 409 1505 446 continuum
1533 413 1572 445 et
1597 407 1655 444 in-
1682 414 1727 446 25

77 471 296 523 mortalem,
330 472 433 510 sicut
460 483 480 509 a
506 469 724 509 maioribus
750 470 990 520 accepimus,
1017 468 1074 506 sic
1100 468 1274 518 posteris
1300 467 1516 505 tradamus.
1565 478 1656 504 nam

79 538 123 571 ut.
155 543 202 570 ex
234 530 344 570 vobis
377 536 599 582 senatores,
627 531 686 584 'ita
719 541 765 567 ex
799 527 1051 567 senatoribus
1082 527 1286 578 principes
1318 523 1565 565 nascuntur.'

197 590 249 629 Et
278 591 404 629 oratio
426 595 582 639 parata
608 589 655 628 ad
681 587 1011 640 perstringendos
1038 586 1352 637 mulcendosque
1378 586 1548 625 militum
1577 586 1657 624 ani·
1673 584 1729 628 85

78 662 163 689 mos
208 656 248 689 et
286 650 509 689 severitatis
548 649 689 688 modus
729 644 878 701 (neque
919 648 1024 686 enim
1064 648 1105 686 in
1144 646 1280 698 plures
1321 658 1439 697 quam
1476 646 1518 684 in
1557 645 1658 684 duos

79 710 339 749 animadverti
369 705 616 762 iusserat),³
597 714 705 747 orate
738 713 917 760 accepta,
957 707 1235 775 conpositique
1267 705 1315 744 ad
1347 717 1556 756 praesens,
1590 705 1659 756 qui

79 771 259 809 coerceri
297 781 378 808 non
415 774 610 820 poterant.
663 780 742 806 non
781 773 914 806 tamen
954 768 1066 818 quies
1104 765 1197 805 urbi
1235 765 1427 804 redierat:
1466 766 1658 816 strepitus

79 829 251 869 telorum
284 836 324 868 et
356 829 478 868 facies
510 828 615 880 belli,
651 826 725 878 [et]
759 826 953 866 militibus
986 832 1030 865 ut
1058 825 1157 865 nihil
1189 827 1230 864 in
1258 837 1468 864 commune
1495 823 1657 863 turban-

80 888 199 941 tibus,
226 890 279 928 ita
308 889 456 941 sparsis
482 900 554 939 per
581 888 719 927 domos
744 886 900 926 occulto
921 885 1059 925 habitu
1081 892 1120 924 et
1138 885 1308 936 maligna
1330 897 1425 924 cura
1446 886 1485 923 in
1508 895 1659 936 omnes,

80 961 199 1002 quosr
224 947 410 988 nobilitas
456 953 523 987 aut
567 959 663 999 opes
709 952 775 986 aut
818 946 947 998 aliqua
986 947 1153 996 insignis
1194 944 1387 984 claritudo
1427 943 1659 983 rumoribus

81 1008 299 1060 obiecerat,
332 1007 562 1047 Vitellianos
603 1019 761 1059 quoque
801 1006 948 1045 milites
986 1007 1143 1044 venisse
1182 1006 1221 1043 in
1263 1004 1402 1043 urbem
1441 1004 1488 1043 ad
1529 1003 1660 1043 studia

80 1069 253 1119 partium
279 1067 479 1107 noscenda
506 1067 688 1119 plerique
709 1066 942 1118 credebant3
969 1065 1075 1104 unde
1095 1065 1210 1117 plena
1232 1066 1363 1103 omnia
1385 1065 1659 1116 suspicionum

80 1134 117 1167 et
151 1129 214 1166 vix
247 1133 400 1167 secreta
433 1127 621 1166 domuum
653 1128 737 1165 sine
766 1125 987 1166 formidine.
1040 1125 1107 1163 sed
1137 1125 1354 1176 plurimum
1381 1124 1658 1175 trepidationis

80 1189 119 1226 in
153 1187 333 1240 publico:
365 1193 411 1227 ut
443 1199 641 1239 quemque
676 1187 859 1225 nuntium
892 1186 993 1224 fama
1027 1184 1247 1237 adtulisset,
1280 1185 1454 1223 animum
1487 1183 1656 1222 vultum-

128 1306 184 1336 22.
210 1303 393 1347 promisca
412 1303 514 1348 sunt]
537 1303 595 1337 ein
615 1300 830 1345 auffalliger

80 1349 316 1386 Graecismus
342 1351 400 1385 fiir
426 1351 651 1395 promiscum
677 1353 745 1392 est,
774 1349 829 1383 ‘es

79 1398 209 1432 macht
222 1398 358 1434 keinen
372 1397 632 1440 Unterschied‚
649 1397 700 1431 ist
714 1397 831 1431 einer-

78 1446 145 1481 ]ei’
150 1474 158 1489 ,
187 1447 221 1481 d.
235 1446 271 1481 h.
292 1446 345 1481 sie
365 1446 514 1481 konnen
534 1446 629 1481 ohne
653 1445 831 1480 weiteren

79 1493 240 1539 Eintrag
258 1506 303 1528 zu
317 1494 467 1529 Grande
489 1494 589 1539 gehn
603 1493 678 1527 und
693 1492 831 1527 wieder

78 1542 301 1586 hergestellt
307 1543 467 1577 werden.
479 1541 562 1587 Vgl.
573 1541 652 1576 Liv.
663 1539 830 1583 XXXIV,

85 1593 140 1631 19,
168 1593 187 1623 2
222 1600 303 1624 cum
333 1590 475 1624 ineerta
507 1590 638 1624 bellum
670 1600 721 1623 an
752 1598 832 1633 paoe

83 1647 163 1672 cum
191 1636 378 1672 Celtiberis
403 1640 526 1672 essent.

128 1693 315 1735 conoestus
343 1690 614 1735 ‘Anhaufung’.

130 1747 186 1778 23.
213 1755 269 1778 res
293 1744 375 1778 hier
403 1744 558 1788 ‘Macht,
586 1742 833 1786 Herrschaft'3

79 1791 155 1836 vgl.
183 1790 307 1826 ausser
338 1803 459 1827 rerum
492 1793 612 1836 potiri
644 1803 673 1827 c.
702 1794 746 1825 29
778 1801 835 1826 res

81 1840 161 1874 sine
186 1839 373 1875 discordia
398 1840 621 1882 translatas;
650 1849 679 1874 c.
708 1841 751 1873 89
778 1849 835 1873 res

85 1886 285 1923 Caesarum
309 1888 520 1933 composuit.

123 1952 205 1986 pax
229 1942 391 1986 yentium
419 1941 688 1977 ‘Weltfriede’.

130 1999 186 2031 24.
217 1996 427 2042 auspicato]
454 1996 488 2030 d.
514 1996 538 2030 i.
567 1994 742 2040 auspiciis
769 1994 833 2029 ob-

82 2043 260 2087 servatis,
295 2043 420 2078 ‘unbei-
451 2043 618 2088 heiligen
646 2042 832 2085 Weihen',

81 2091 147 2126 der
179 2091 298 2126 Sache
336 2092 433 2126 nach
466 2090 585 2125 soviel
616 2089 672 2125 als
709 2090 834 2125 ‘unter

84 2138 307 2184 gottlichem
335 2137 486 2184 Segen'.
526 2138 618 2172 Zum
643 2136 726 2172 Abl.
755 2137 833 2172 abs.

82 2187 147 2220 des
162 2185 495 2221 substantivierten
509 2185 640 2220 Neutr.
650 2185 749 2220 Part.
758 2185 834 2230 vgl.

81 2232 148 2278 ΙΙΙ,
170 2238 214 2269 72
240 2235 355 2270 sedem
380 2234 482 2268 Iocis
510 2233 649 2278 Optimi
669 2233 836 2267 BIaaeimi

82 2282 275 2327 auspicato
323 2294 347 2317 a
383 2282 586 2316 maioribus
629 2281 815 2315 conditam
823 2293 835 2322 ,-

83 2328 157 2364 cie.
185 2329 230 2364 de
257 2329 332 2365 div.
358 2328 375 2363 I
402 2332 421 2372 ἓ
443 2333 463 2364 3
496 2328 676 2364 Romulus
708 2329 835 2372 auspi-

81 2381 162 2412 cato
186 2378 310 2412 urbem
336 2378 540 2412 condidisse
570 2376 756 2419 traditum
788 2375 833 2410 de

83 2435 160 2470 rep.
186 2424 233 2470 H,
260 2429 293 2460 3.
320 2425 499 2470 Draeger,
527 2424 630 2469 Synt.
658 2427 677 2465 ξ
704 2426 783 2458 213.

131 2483 188 2514 27.
222 2490 266 2514 eoe
295 2479 397 2514 vobis
423 2500 469 2504 —
493 2478 715 2522 naseuntur]
749 2477 834 2512 ‘aus

84 2537 222 2562 eueren
246 2526 391 2562 Reihen
417 2527 539 2572 gehen
564 2526 729 2560 hervor’.

132 2625 195 2661 85.
223 2631 255 2662 1.
277 2626 434 2672 parata]
454 2626 745 2671 Seingerichtet',
766 2626 835 2661 wie

82 2673 163 2708 Liv.
189 2673 363 2718 XXVIII,
388 2678 454 2717 43,
483 2679 500 2709 1
534 2674 653 2709 oratio
679 2674 728 2708 ad
753 2677 837 2708 tem-

79 2731 156 2767 pus
174 2725 328 2766 parata,
348 2722 434 2757 dem
450 2721 562 2757 Sinne
577 2721 671 2755 nach
687 2738 732 2750 =
746 2732 837 2756 com-

79 2770 216 2814 posita.

133 2825 166 2857 2.
192 2822 335 2869 modus]
362 2834 389 2858 s.
418 2834 463 2857 zu
489 2833 519 2857 c.
547 2825 602 2865 83,
632 2825 686 2856 10.

133 2879 166 2910 3.
199 2876 364 2922 accepta]
397 2886 445 2910 sc.
476 2878 575 2910 sunt.
625 2875 731 2910 Nach
762 2875 838 2910 Ab·

23 2970 30 2977 ·
90 2923 259 2959 strakten
281 2924 353 2959 mit
383 2922 688 2958 verschiedenem
715 2922 837 2958 Genus

904 1300 1005 1335 steht
1031 1300 1097 1334 das
1124 1299 1306 1334 Predikat
1331 1299 1382 1333 im
1407 1299 1537 1334 Neutr.
1559 1297 1657 1332 Plur.

904 1348 1083 1391 Heraeus,
1109 1348 1174 1382 lat.
1198 1347 1368 1392 Schulgr.
1389 1351 1408 1389 ἓ
1432 1351 1511 1389 106,
1532 1347 1572 1389 Β,
1595 1350 1628 1380 3.

953 1396 1158 1441 compositi]
1188 1407 1215 1429 s.
1243 1407 1289 1429 zu
1315 1406 1345 1430 c.
1373 1398 1430 1437 82,
1459 1399 1514 1429 17.

953 1444 1003 1478 ad
1023 1443 1216 1489 praesens]
1244 1454 1271 1476 s.
1301 1455 1346 1477 zu
1371 1442 1418 1483 ΙΙ,
1444 1446 1477 1486 4,
1506 1446 1537 1477 6.

954 1495 987 1525 4.
1014 1491 1184 1537 coerceri]
1214 1502 1240 1524 s.
1268 1503 1312 1525 zu
1339 1502 1368 1525 c.
1398 1494 1454 1529 11,
1483 1494 1513 1525 1.

953 1539 1055 1584 urbi]
1085 1539 1176 1573 Zum
1203 1538 1316 1573 Dativ
1335 1539 1411 1583 vgl.
1432 1537 1495 1581 ΙΙΙ,
1517 1541 1560 1572 66
1587 1547 1659 1572 non

906 1588 1125 1622 exercitibus
1169 1587 1398 1621 securritatem
1437 1587 1661 1626 redituram,-

906 1634 968 1678 IV,
996 1638 1052 1676 39,
1079 1638 1134 1668 24.

956 1687 988 1716 5.
1015 1683 1145 1728 facies]
1174 1693 1201 1718 s
1231 1694 1274 1716 zu
1300 1681 1346 1725 ΙΙ,
1375 1685 1430 1724 89,
1460 1685 1515 1715 11.
1561 1673 1663 1715 Uber

908 1730 967 1764 die
982 1730 1217 1775 Auslassung
1236 1741 1310 1765 von
1330 1734 1409 1764 erat
1430 1742 1457 1764 s.
1474 1741 1519 1763 zu
1534 1739 1564 1762 c
1581 1733 1612 1770 9,
1629 1732 1661 1762 3.

957 1782 988 1813 6.
1016 1779 1154 1813 occulto
1179 1778 1326 1823 habitu]
1357 1756 1614 1812 ‘³vermummt
1622 1805 1628 1810 .

956 1826 1063 1872 cura]
1091 1825 1172 1860 hier
1200 1826 1413 1867 ‘Interesse,
1439 1824 1635 1869 Neugier'.

958 1878 989 1908 7.
1022 1878 1089 1908 aut
1121 1874 1249 1918 aliqua
1274 1873 1434 1917 insiqnis
1460 1872 1660 1917 claritudo]

911 1921 1015 1956 ‘oder
1035 1923 1139 1956 sonst
1158 1921 1399 1966 (tibet-haupt)
1425 1920 1507 1954 eine
1528 1919 1661 1954 beson-

909 1969 995 2004 dere
1017 1968 1333 2013 Auszeichnung’.
1376 1968 1575 2012 Vgl.1‘iber
1596 1971 1661 2002 aut

908 2018 1045 2062 aliquis
1062 2017 1209 2062 Bmger,
1231 2015 1488 2058 lat.St11.§41
1505 2016 1614 2050 Anm.
1627 2020 1659 2050 4.

954 2065 1165 2100 rumoribus
1202 2065 1339 2099 obicere
1376 2064 1480 2098 ‘zum
1516 2061 1661 2107 Gegen-

909 2113 1039 2147 stende
1074 2112 1181 2147 fibler
1216 2111 1439 2147 Nachreden
1472 2111 1660 2145 maehen’

908 2152 1009 2194 Uber
1038 2170 1199 2194 rumores
1225 2171 1252 2194 s.
1281 2171 1324 2194 zu
1352 2171 1382 2194 c.
1410 2163 1442 2202 4,
1473 2162 1526 2193 15.

958 2211 989 2242 8.
1024 2208 1073 2242 ad
1105 2208 1230 2242 studia
1259 2209 1429 2252 partium
1460 2206 1660 2252 noscenda]

912 2256 988 2289 ‘um
1016 2255 1075 2289 die
1103 2255 1323 2299 Sympathie
1357 2254 1417 2289 fiir
1451 2254 1511 2289 die
1536 2253 1662 2289 Partei

910 2316 953 2337 zu
981 2303 1200 2337 erkunden'.

961 2354 1015 2385 10.
1055 2354 1189 2385 secreta
1221 2350 1409 2396 domuum]
1446 2349 1661 2385 ‘hausliche

908 2397 1457 2443 Abgeschiedenheit³,wie111,
1468 2401 1511 2433 63
1528 2401 1661 2432 secreta

910 2446 1146 2491 Campaniae.
1198 2445 1233 2480 S.
1261 2457 1306 2480 zu
1332 2457 1362 2480 o.
1393 2450 1454 2487 11,
1484 2449 1538 2482 14.
1589 2447 1662 2479 An-

909 2494 995 2529 dere
1034 2493 1206 2528 erkl'eiren
1245 2498 1381 2529 secreta
1422 2495 1538 2528 durch
1581 2493 1661 2528 ‘das

908 2541 1069 2576 Innere'.

960 2593 1013 2624 11.
1040 2590 1083 2623 in
1105 2589 1269 2635 publico]
1299 2601 1327 2624 s.
1355 2601 1399 2623 zu
1425 2600 1455 2624 c.
1485 2592 1540 2632 19,
1569 2593 1600 2623 6.

958 2640 1000 2671 ut
1024 2637 1210 2683 quemque]
1240 2649 1267 2671 s.
1296 2649 1340 2671 zu
1366 2647 1396 2671 c.
1424 2640 1480 2679 29,
1508 2641 1539 2670 4.

959 2685 1165 2730 adtulisset]
1195 2696 1221 2719 s.
1249 2697 1293 2719 zu
1319 2696 1349 2719 c.
1379 2688 1433 2727 10,
1463 2688 1493 2718 7.

959 2733 1124 2767 animum
1156 2733 1364 2777 vultumque
1399 2731 1578 2776 conversi]
1612 2742 1659 2765 sc.

911 2782 1029 2815 erant.
1062 2780 1208 2815 Ebenso
1229 2779 1291 2823 IV,
1307 2783 1353 2814 20
1372 2780 1527 2822 frontem
1546 2782 1662 2823 teiya-

911 2838 1009 2874 que
1015 2838 1058 2862 ac
1096 2829 1193 2862 latus
1230 2828 1321 2869 tuti;
1359 2838 1388 2861 c.
1418 2830 1473 2868 12,
1502 2829 1533 2860 8.
1565 2827 1607 2860 A.
1635 2826 1661 2869 I,

912 2879 968 2910 50.
996 2867 1096 2910 Uber
1122 2875 1251 2909 diesen
1277 2886 1350 2909 von
1376 2854 1557 2908 Dichtern
1584 2874 1661 2909 ein-

911 2922 1113 2969 gefiihrten
1160 2922 1420 2967 griechischen
1465 2920 1661 2957 Gebrauch

1689 1133 1731 1164 10
